1906 3308
10 112 32 147 ι’
193 68 648 167 Puuicocoiuticmu.
743 87 837 166 su
922 98 925 102 ‘

61 233 218 288 Infandum!
230 232 377 284 excludunt
387 233 485 285 socios.
510 234 582 283 Tum
593 231 702 283 cardine
713 246 791 286 verso

64 304 163 355 obnixi
173 308 301 368 torquent
312 303 411 364 obices,
421 303 568 352 munimina
577 317 646 352 sera.
684 326 689 332 ·

62 374 157 423 Acrius
168 370 221 421 hoc
231 373 334 421 instant
344 371 414 433 Itali,
425 371 586 437 clausosque
597 370 723 439 fatigant.

61 441 108 504 Et,
117 442 146 490 ni
157 454 240 503 caeca
250 441 408 491 sinu'tcrras
417 453 473 490 nox
483 439 614 491 conderet
624 443 695 503 atro,

62 508 222 562 Perfractac
230 509 326 575 rapido
337 509 490 577 patuissent
499 508 583 559 milite
593 513 700 574 postue.
803 505 853 558 255

63 575 119 629 Sed
128 592 183 629 non
192 579 219 629 in
229 579 349 645 requiem
359 579 461 644 pariter
471 591 579 628 cessere
588 577 727 630 tenebrae.
782 628 785 633 ,

62 647 135 707 Hinc
146 661 229 715 sopor
238 647 398 713 impavidus,
409 645 517 714 qualem
527 645 644 697 victorie
653 647 754 699 motiti

61 717 97 768 At
110 717 210 783 Capua,
222 722 269 767 aut
278 716 390 767 maestis
400 715 549 784 ululantum
559 713 776 767 flebilema'trum

64 785 226 850 coestibus,
237 790 284 836 aut
294 786 398 853 gemitu
408 784 593 856 trepidantum
604 782 736 857 exterrita
744 795 800 851 pc·-

267 905 270 910 .
527 857 601 905 irum

61 925 218 976 'l'ormentis
228 924 309 974 finem
319 926 473 990 metamque
483 889 623 975 iahoiibu's
635 927 705 976 orat.
800 919 853 974 too
867 934 871 939 ·

62 994 170 1045 Mussat
179 993 309 1061 perfidiae
322 993 472 1059 ductorque
485 997 620 1060 caputque
631 991 748 1046 Senatus

10 1078 24 1133 ‘.
61 1063 177 1128 Virrius,
188 1079 205 1114 a
215 1062 308 1114 Poeno
319 1060 419 1112 nullam
430 1061 512 1131 docet
522 1075 582 1113 esse
591 1061 718 1126 salutem,

10 1129 12 1133 ’
61 1131 233 1194 Vociferans,
243 1131 326 1197 pulsis
338 1130 471 1180 vivendie
481 1135 594 1197 pectore
606 1133 690 1181 euris:

62 1199 175 1267 Speravi
185 1204 295 1266 sceptra
304 1201 447 1260 Ausoniae,
457 1201 612 1266 pepigique,
623 1200 673 1252 sub
685 1199 767 1252 armis
854 1225 857 1230 ·

62 1269 92 1322 Si
102 1271 198 1321 dexter
208 1268 308 1319 Poenis
318 1267 393 1318 Deus
405 1273 432 1318 ct
442 1269 565 1318 Fortuna
574 1267 680 1329 fuisset,
801 1266 852 1320 26⁵

61 1341 99 1391 Ut
108 1340 229 1404 Capuam
238 1336 316 1387 Iliaci
324 1336 474 1402 migrarent
483 1350 569 1403 regno
579 1336 696 1396 Quirini:
752 1362 755 1369 ·

63 1408 116 1469 Qui
128 1400 270 1473 queteitut
278 1404 555 1471 murosTarpeiaque
564 1406 680 1467 moenia,
690 1405 767 1456 misi:
801 1423 807 1431 ¹

62 1476 121 1528 Nec
131 1472 197 1529 mihi
226 1466 336 1525 ostendi
346 1473 424 1540 vigor
435 1471 516 1535 afuit,
527 1473 596 1524 alter
605 1479 636 1524 ut
646 1488 750 1542 aequos

61 1545 191 1598 Portarot
203 1489 292 1597 Fasces
303 1547 397 1594 nostro
409 1542 561 1594 denomino
574 1542 682 1594 Consul.

14 1620 17 1631 '
62 1614 203 1666 Hactenus
214 1615 258 1664 'cst
267 1612 366 1663 vixisse
376 1612 456 1676 sotis3
467 1610 532 1661 dum
543 1613 622 1678 copie
633 1612 731 1664 noctis.
802 1612 853 1662 tto

63 1682 113 1736 Cui
124 1681 199 1733 cordi
210 1696 301 1747 comes
312 1686 424 1733 aeterna
434 1685 476 1732 est
482 1677 642 1732 Acherontis
654 1679 794 1733 adundant

38 1764 41 1773 '
61 1752 199 1814 Libertus,
209 1757 289 1819 petet
295 1751 341 1803 ille
352 1765 427 1805 meas
437 1765 598 1818 mensasque
609 1751 761 1830 dapesque:

61 1822 108 1885 Et,
120 1822 206 1883 victus
218 1826 337 1874 mentem
346 1819 406 1882 fuso
418 1836 467 1889 per
476 1820 598 1872 membra
608 1819 717 1886 Lyaeo,

61 1889 213 1959 Sopitoque
223 1892 296 1942 necis
307 1905 400 1942 morsu
404 1927 413 1954 ,
423 1889 603 1943 medicamina
614 1891 700 1942 eludis

61 1959 190 2021 Hamiot,
201 1975 233 2010 ac
243 1959 357 2026 placidis
368 1964 490 2011 exarmet
500 1959 561 2011 fato
569 1962 688 2011 venenis.
802 1959 853 2010 215

61 2027 141 2080 Haec
153 2026 200 2089 ait,
211 2031 239 2077 et
249 2027 330 2078 turbo
338 2029 438 2093 repetit
448 2029 596 2080 comitante
608 2032 735 2095 peitatem,

61 2095 179 2146 Aedibus
188 2095 215 2144 in
225 2095 320 2147 mediis
331 2111 497 2162 consurgens
506 2096 571 2148 ilice
581 2096 668 2147 multo

63 2163 222 2215 Exstruitur
231 2176 324 2231 rogus,
335 2161 482 2230 hospitium
493 2180 634 2216 commune
645 2165 784 2230 peremtis.

62 2232 121 2293 Nec
132 2231 240 2299 vulgum
251 2239 341 2284 cessat
350 2232 451 2285 fusiore
461 2234 592 2302 dolorque
602 2248 751 2301 potorque.

62 2300 141 2354 Nunc
151 2302 235 2352 menti
246 2316 324 2353 serae
334 2303 436 2370 Decius
445 2303 525 2366 redit,
536 2307 564 2355 et
575 2303 649 2354 bonu
658 2304 745 2356 virtus
801 2303 851 2355 28⁰

61 2369 166 2422 Exsilio
177 2371 362 2437 punitotmci.
387 2371 584 2440 Despectotcb
596 2372 652 2424 oito
730 2397 733 2401 >

62 2439 235 2503 Socraticos,
247 2442 385 2509 agitatque
396 2442 483 2492 virum
492 2441 601 2494 inflacio
611 2441 705 2494 eorde.

60 2509 125 2561 Vox
136 2510 243 2562 occulta
254 2511 334 2574 subit,
345 2511 446 2578 passim
457 2510 555 2563 diffusa
563 2525 617 2578 per
625 2525 723 2579 aurose

60 2579 197 2642 Foedera,
205 2579 344 2642 mortales,
354 2595 481 2646 nesscevo
492 2579 711 2648 rumpitescrroz
847 2591 849 2594 ’

60 2644 345 2722 Seiomtamservste
355 2650 460 2704 Fidem.
485 2649 671 2722 Fmgcutiiius
680 2654 769 2702 ostiu.
809 2643 869 2692 W*
