1906 3308
230 114 479 179 ruurcoeuu
506 124 586 176 arn.
610 88 684 176 uir.
781 116 831 174 sn

102 246 208 298 Aulacis
219 246 371 296 scribuntur
382 262 441 307 acu,
452 250 499 294 aut
509 241 687 309 Memphitide
698 240 761 291 tels.
840 240 889 289 dee

101 317 158 365 lam
170 316 248 365 simul
259 323 372 380 argento
384 315 514 380 fulgentia
524 313 631 377 pocula,
642 314 727 359 mixta

102 384 169 444 Quis
180 398 286 449 gemma
297 385 434 450 quaesitus
442 381 536 442 hones,
548 381 692 430 simulacra
700 380 830 440 Deorum,

100 451 206 501 Numen
217 450 250 501 ab
261 457 320 502 arte
328 452 423 507 datum
434 450 583 510 servantia:
596 463 708 498 munera
719 447 792 497 rubri

101 519 250 571 Praeterea
259 522 345 586 ponti,
356 521 514 585 depexaque
526 517 626 568 vellera
635 514 729 578 ramis,'

100 588 245 639 Femineas
255 589 342 639 labor.
371 589 422 637 llis
433 587 514 639 tectis
525 586 675 651 opibusque
686 585 791 651 potitus
842 583 892 635 665

101 657 234 707 Ausonius
244 656 349 718 ductor,
361 662 505 723 postquam
516 655 636 705 sublimis
647 653 679 702 ab
692 652 746 702 alto

100 726 205 790 Aggere
217 724 341 791 despexit
351 725 485 791 trepidam
497 722 668 789 clangoribus
678 721 784 784 urbem,
809 770 812 774 Α

101 793 184 858 Inque
195 807 244 842 suo
255 795 373 859 positum
383 799 458 854 nutu,
470 797 543 842 stent
553 790 661 840 moenia
669 803 775 856 regum,

99 861 140 927 An
150 860 338 911 nrdlosoriens
349 862 440 911 videat
450 861 496 909 lux
508 861 626 910 crastina
636 872 738 920 arurae,

100 928 235 994 Ingemuit
245 930 355 979 nimium
365 930 440 990 iuris,
450 933 609 994 tantumque
620 928 703 977 liee're
842 925 893 976 fito
920 955 923 958 <

99 996 224 1058 Horruit,
236 1003 264 1047 et
273 1012 389 1064 propere
400 1002 529 1048 revocata
540 996 631 1046 militis
640 996 690 1057 ira,
791 1027 796 1032 ·

96 1064 183 1115 'lussit
193 1070 266 1116 stare
278 1062 382 1127 domos,
392 1065 534 1132 indulgens
544 1064 646 1131 templa
655 1062 770 1114 vetustis
816 1128 819 1134 f

101 1132 223 1183 incolere
234 1140 315 1201 atque
326 1133 450 1184 habitare
460 1134 535 1184 Deis.
563 1132 610 1184 Sic
619 1138 732 1198 parcere
743 1132 822 1183 victis

100 1199 155 1250 Pro
166 1201 268 1265 praeda
277 1201 337 1262 fuit,
348 1207 384 1263 et,
395 1217 455 1252 sese
467 1208 604 1262 contenta,
614 1217 666 1252 nec
675 1201 730 1252 ullo
871 1199 876 1207 “
910 1244 916 1256 s

101 1265 237 1334 Sanguine
247 1269 357 1334 pollutis
368 1271 467 1334 plausit
478 1270 603 1321 Victoria
615 1270 718 1334 pennis.
843 1267 894 1319 675

101 1336 145 1385 Tu
155 1351 262 1403 quoque
269 1336 391 1387 ductoris‘
397 1337 532 1398 lacrimas,
544 1337 727 1397 memorande,
738 1336 834 1399 tulisti,

100 1402 238 1454 Defensor
248 1405 361 1469 patriae.
375 1404 554 1461 Meditantem
563 1407 591 1455 in
601 1406 711 1471 pulvere
722 1405 846 1470 formas·

101 1470 159 1523 Nec
170 1472 309 1539 turbatum
320 1473 411 1536 animi,
421 1479 499 1524 tanta
508 1473 623 1525 feriente
634 1475 721 1538 ruina,

396 1570 399 1574 .
457 1543 472 1571 ’l'
607 1545 610 1549 '

103 1607 230 1677 [ignarus
240 1607 317 1661 miles
328 1578 406 1677 vulgi
412 1616 470 1661 tum
481 1579 553 1662 forie
564 1609 702 1678 peremit]
791 1592 792 1595 Ἴ
847 1634 850 1638 “

99 1679 135 1728 nt
144 1679 276 1746 reliquum
286 1679 391 1746 vulgus,
401 1681 523 1731 resoluta
531 1682 559 1731 in
571 1681 670 1747 gaudia
680 1683 783 1743 mente,
841 1677 892 1729 68⁰

102 1747 247 1797 Certarunt
257 1748 322 1799 vieti
330 1749 487 1801 victoribus.
515 1749 642 1800 Aemulus
652 1751 712 1814 ipse

100 1813 206 1882 Ingenii
217 1813 359 1882 Superum,
370 1819 503 1869 servando
515 1818 637 1869 condidit
646 1819 750 1875 urbem.

101 1882 176 1951 Ergo
188 1889 279 1936 exstat
289 1886 377 1948 seclis,
388 1888 523 1954 stabitque
533 1888 638 1954 insigne
649 1891 803 1951 tropaeum,

101 1949 139 2000 Et
149 1951 225 2002 dabit
235 1951 361 2019 antiquos
372 1954 516 2006 ductorum
526 1969 640 2021 noscere
652 1968 751 2003 mores.

102 2019 207 2071 Felices
218 2019 322 2086 populil
333 2022 365 2080 si,
377 2023 512 2084 quondam
521 2028 551 2069 ut
560 2022 632 2072 bella
642 2022 776 2082 solebant,
820 2081 822 2085 ¹
842 2020 893 2073 685

102 2086 181 2141 Nunc
192 2101 298 2156 quoque
308 2085 482 2139 inexhaustas
492 2095 656 2154 pernostra
669 2088 835 2158 relinqueret

135 2180 136 2184 =
572 2158 662 2209 urbes.

65 2227 74 2239 “
100 2224 145 2286 nt,
155 2223 183 2274 ni
194 2236 260 2274 cara
268 2223 328 2286 riri,
338 2221 386 2290 qui
395 2238 466 2274 nunc
476 2223 551 2276 dedit
563 2227 620 2276 otia
628 2225 739 2290 mundo,

75 2294 84 2309 ⁴*
102 2291 244 2343 Effrenum
255 2297 363 2343 arceret
372 2292 518 2359 populandi
529 2300 628 2347 cuncta
638 2295 769 2358 furorem,

103 2357 259 2420 Nudsssent
268 2360 364 2413 aridae
375 2367 516 2430 terrasque
526 2362 679 2433 fretumque
689 2363 815 2433 rapinae}

415 2538 587 2562 Μ
