1906 3308
219 152 464 207 PUNICORUM
492 150 571 204 LIB.
599 150 647 203 Xl.
685 157 691 170 ’⁴
753 153 804 205 220
838 207 841 212 ,

48 277 52 283 ’
74 277 232 342 ¹i’ruecipuis
244 275 385 342 multoque
393 271 489 341 procul
499 272 700 341 splendentibus
713 278 788 343 ostro
814 271 865 322 275

55 1424 149 1821 l*

74 347 212 410 decipitur
221 344 334 395 sublime
344 345 411 394 toris
419 358 490 393 :non
501 358 558 393 une
565 343 679 395 ministri

76 415 170 466 Turba
180 415 281 481 gregis:
293 413 416 479 posuisse
427 408 567 477 dapeslri's
574 411 670 462 addite
679 424 754 473 cura,

75 483 127 534 His
138 482 247 534 adolere
257 480 344 543 iocos,
357 479 400 531 his
410 479 503 531 ordine
515 479 618 547 pocula
623 478 708 532 ferre,

75 550 134 602 Nec
142 566 199 602 non
210 556 241 601 et,
248 551 329 600 certis
339 550 452 600 struitur
462 562 555 615 penus.
583 549 791 616 Asperamensa

74 619 311 673 Ponderacaelati
320 617 425 689 fulgent
434 617 582 685 antiquitus
592 618 659 667 anri.
816 616 866 667 280

74 689 200 755 Eripiunt
210 686 334 737 flammae
345 691 462 748 noctem,
473 687 640 754 strepituque
650 690 806 736 merentum
821 714 826 731 t

74 758 230 808 Murmurat
237 755 295 805 altu
303 754 408 805 domus.
418 753 516 821 Stupet
525 755 701 805 inconsuetus
715 754 823 821 opimae
848 799 859 807 ..

75 824 203 876 Sidonius
214 837 324 889 mensae
333 824 422 885 miles,
429 821 581 890 faciemque
593 823 703 889 superbi

73 895 199 960 ignotam
211 892 289 942 luxus
301 891 386 943 oculis
396 890 560 943 mirantibus
567 889 667 941 haunt.
877 944 883 955 ι

75 963 203 1014 Vescitur
212 962 270 1027 lpse
283 959 372 1022 silens,
384 966 412 1009 et
421 966 513 1010 tantos
524 959 635 1009 damnat
644 956 763 1010 honores
817 959 867 1010 285

75 1031 144 1080 Esse
155 1030 249 1096 epulis,
260 1027 408 1096 facilesque
421 1028 473 1081 coli
484 1033 561 1079 tauto
574 1028 806 1095 agminemensea5

74 1098 170 1150 Donec
181 1097 259 1165 pulsa
269 1095 364 1160 fames,
375 1102 404 1149 et
413 1094 516 1149 Bacchi
527 1110 643 1148 munero.
651 1096 746 1147 doram
803 1094 807 1098 ’

73 1167 216 1219 Laxarunt
225 1172 351 1217 mentem.
382 1163 784 1217 Tomirontiredditudemum

73 1236 209 1296 Laetitia„
216 1240 245 1285 et
254 1235 360 1300 positae
371 1235 634 1300 graviores-pectore
645 1247 736 1285 curae.

72 1304 208 1355 Personat
216 1302 340 1353 Euboica
351 1299 488 1351 Teuthras
498 1302 642 1365 testudine,
655 1303 756 1367 cyrnos
815 1303 866 1354 290

72 1372 175 1433 lucela,
187 1376 215 1421 et
227 1370 337 1421 obursas
347 1370 444 1420 immiti
452 1384 588 1423 murmure
598 1383 697 1429 suevae

71 1434 147 1492 l'utor
155 1439 227 1491 belle
237 1438 319 1489 tubae
330 1437 481 1504 permulcet
492 1438 615 1490 cantibus
625 1452 713 1494 aures.

71 1509 130 1561 lam
149 1509 281 1560 uelorem
291 1514 320 1559 et
329 1507 417 1558 laetos
428 1520 482 1573 per
488 1504 683 1559 lurtacanebent
689 1520 805 1570 umores,

73 1577 254 1644 Electraeque
265 1581 343 1628 toros
354 1574 520 1627 Atlantidos:
531 1574 603 1627 unde
616 1582 733 1639 creutus,

72 1646 168 1699 Proles
184 1646 267 1716 digna
280 1645 383 1708 Derim,
402 1650 462 1696 tum
476 1643 634 1715 Dardanus:
655 1645 732 1714 isque
749 1646 803 1698 Το-

542 1715 624 1765 nunti'
812 1715 863 1766 295

72 1785 109 1836 Ut
120 1784 167 1838 det
177 1781 384 1844 Erichthonium
393 1797 493 1851 magna
504 1782 538 1837 de
550 1784 634 1853 stirpe
644 1791 782 1853 nepotem.

71 1852 144 1904 Hinc
155 1854 236 1916 Tros,
246 1852 310 1905 hinc
320 1853 385 1915 llus,
395 1853 503 1919 generis
512 1857 578 1905 tunc
590 1852 684 1905 ordine
693 1853 776 1923 longo

70 1921 228 1984 Assaracus,
239 1922 366 1988 nulloque
375 1923 465 1973 minor
473 1921 704 1975 famare-manuve

51 1974 145 2059 l'l'urn
156 1988 246 2055 Capys
256 1994 288 2039 ut
296 1990 400 2106 primus
411 1988 517 2040 dederit
527 2005 579 2042 suu
586 1993 698 2044 nomino
706 1994 798 2047 muns.

72 2055 375 2123 Concelebrnntponsu
383 2057 488 2123 pariter
496 2054 608 2109 Sidonio
616 2059 712 2124 pubes,
813 2061 864 2114 300

72 2124 281 2191 Campanaeque
288 2138 393 2175 manus.
410 2124 479 2177 Ante
491 2138 585 2177 omnes
596 2126 697 2179 ductor
705 2126 804 2183 honori

69 2191 193 2244 Nominis
205 2197 319 2261 augrrsto
330 2190 548 2245 libatcarclresi‘e
558 2195 632 2261 ritu3r
689 2190 691 2194 ⁴
773 2186 778 2197 ’
793 2244 796 2255 ,

71 2263 170 2314 cetera
188 2274 268 2329 quem
287 2262 427 2331 sequitur,
447 2260 609 2333 Bocchique
623 2278 657 2316 ex
675 2278 753 2317 more
771 2266 802 2319 li·

540 2346 656 2400 quorem

15 2418 18 2424 ²
68 2400 174 2452 irrorat
182 2400 283 2453 mensis
293 2398 382 2462 turba,
397 2399 515 2453 ardescit
533 2400 683 2469 ueLyaeo.

68 2468 187 2532 intereo,
198 2469 284 2536 Tyrio
294 2468 416 2520 resoluta
425 2470 453 2520 in
462 2484 516 2538 gau
536 2471 562 2520 ‘a
573 2477 655 2524 coetu
811 2474 868 2525 eos

70 2537 217 2601 Conversa,
230 2538 328 2609 (neque
339 2538 421 2603 enim,
428 2538 538 2593 invenis
547 2554 608 2593 non
616 2540 705 2609 idque
712 2539 811 2595 merx,

67 2604 261 2721 [moenitum
284 2614 335 2679 tua
350 2615 460 2685 coepta
469 2608 776 2754 ineusganumrqm
788 2610 845 2649 w
