1906 3308
44 80 53 97 ”
192 98 668 174 rumconuu'nrs.·xru;
744 123 796 175 aar

62 241 143 294 Hanc
156 247 263 308 agreste
274 244 364 311 Capys
374 244 483 305 donum,
494 259 555 295 cum
566 243 675 293 moenia
685 242 760 294 sulco

64 309 199 376 Signaret,
211 317 290 378 grato
302 328 402 378 parrae
414 314 533 364 mollitus
544 327 646 373 amore,

61 378 212 442 Nutnerat,
222 395 370 449 sensusque
381 380 496 433 hominis
508 381 626 442 donarat
637 378 744 431 alendo.

60 447 128 499 inde
139 454 222 499 exuta
232 447 326 513 feram,
337 450 486 518 docilisque
496 450 628 501 accedere
640 449 749 512 mensis,
802 451 853 500 120

60 517 149 583 Atque
158 518 229 569 ultro
240 517 340 571 blnda
349 525 455 571 attactu
465 519 603 587 gaudebat
613 516 700 569 herili.

59 586 163 639 durato
173 592 275 640 matres
286 594 410 641 assuetae
421 590 529 655 pectine
539 589 633 639 mitem

61 655 184 718 Comere,
195 663 222 707 et
233 655 355 711 humenti
364 656 445 708 fluvio
456 671 587 709 revocare
598 655 727 706 colorem.
830 678 832 681 ·

59 721 166 775 Numen
175 731 235 777 erat
243 727 299 778 iarn
311 741 391 778 cerva
401 727 467 777 loci:
478 726 661 792 famulamque
673 724 779 775 Dianae

60 791 221 856 Credebant,
233 809 265 845 ac
276 801 339 846 tura
348 796 437 848 Deum
448 795 481 846 de
492 810 568 847 more
579 794 722 845 dabantur.
802 791 852 842 125

45 860 147 924 Haec,
160 864 220 913 aevi
230 863 356 932 vitaeque
366 875 459 926 tener,
470 863 589 931 felixque
600 867 739 914 senectam

57 928 133 980 Mille
143 930 296 984 indefessos
305 933 419 985 viridem
429 932 538 983 duxisse
547 947 597 999 per
608 944 703 994 annos,
800 934 802 939 '

59 996 201 1050 Scelerum
211 1015 324 1053 numero
335 1003 462 1054 Troianis
474 1001 584 1052 condita
595 1005 671 1052 tecta

57 1068 447 1140 aequabat31cdenimlongo
459 1084 515 1122 nox
524 1074 637 1122 venerat
648 1081 727 1120 aero.

58 1135 138 1198 Nam,
149 1137 239 1189 subito
250 1140 360 1191 incursu
371 1155 516 1191 saevorum
527 1140 633 1208 agitata
642 1138 778 1203 luporem,
801 1135 853 1188 leo

58 1205 112 1265 Qui
123 1207 211 1257 noctis
223 1206 343 1259 tenebris
353 1210 449 1260 urbem
459 1208 624 1271 (miserabile
634 1206 706 1258 bello

56 1273 227 1341 Prodigium)
236 1276 381 1339 intrarant,
391 1277 492 1341 primos
504 1275 538 1326 ad
546 1276 653 1326 luminis
666 1274 748 1326 ortus'

53 1341 202 1393 *Extulerat
211 1357 271 1393 sese
280 1345 376 1408 portis,
386 1343 539 1411 pavidaque
549 1343 661 1410 petebat

56 1411 239 1463 Consternata
249 1410 315 1478 fuga
325 1414 431 1478 positos
441 1411 477 1462 ad
487 1413 596 1463 moenia
606 1424 726 1477 campos.

56 1479 210 1546 Exceptam
219 1479 292 1530 laeto
303 1481 431 1531 insenum
442 1482 590 1532 certamine
601 1480 699 1532 ductor
799 1478 849 1529 135

31 1608 33 1613 .
56 1546 177 1612 Mecum,
196 1548 281 1613 Dira,
301 1548 365 1614 tibi,
384 1550 435 1602 tibi
455 1551 526 1602 enim
546 1547 616 1600 hacc
635 1547 792 1621 gratissima

527 1633 615 1681 sacra,
807 1674 811 1681 ⁴

54 1684 174 1748 Fulvius,
186 1689 276 1756 atque,
286 1688 371 1753 adsis:
379 1693 451 1754 orat,
461 1687 589 1751 Latonia,
599 1687 713 1753 coeptis.

36 1786 42 1801 .
54 1754 131 1818 lude,
142 1755 233 1808 alacer
244 1758 384 1827 fidensque
394 1760 465 1823 Dea,
477 1757 647 1810 circumdata
658 1755 756 1807 clausis

55 1824 246 1889 Annamnvet,
257 1842 364 1895 quaque
376 1828 484 1896 obliquo
495 1831 641 1880 curvantur
650 1826 679 1877 in
689 1824 784 1875 orbem
830 1889 833 1893 ι
910 1872 914 1877 .

55 1893 167 1944 Moenia
176 1892 248 1945 flexa
257 1897 327 1958 sinu,
338 1897 425 1964 spissa
434 1898 536 1949 vallata
546 1909 650 1948 corona
796 1892 849 1943 110
903 1904 912 1919 ·

54 1959 162 2029 diligat,
172 1966 200 2010 et
210 1962 271 2013 telis
281 1964 309 2013 in
318 1978 423 2015 morem
431 1965 566 2032 indaginis
577 1964 670 2016 ambit.
795 1974 800 1981 ’
891 1960 895 1967 ’

55 2027 128 2079 Dum
138 2030 269 2094 pavitant,
279 2033 410 2097 spumatis
422 2034 485 2099 equi
496 2033 556 2083 iera
567 2031 651 2083 corda
660 2030 788 2099 fatigans,

55 2093 189 2148 Erchitur
198 2096 281 2162 porta
289 2098 410 2150 sublimis
421 2101 533 2151 Taurea
543 2101 632 2151 cristis
811 2114 813 2120 ’

55 2164 194 2229 Bellat0r3
207 2165 251 2216 cui
261 2163 387 2218 Sidonius
397 2181 526 2233 superare
536 2167 641 2219 lacerto
745 2166 748 2175 '

54 2233 163 2286 Ductor
173 2237 201 2285 et
212 2234 351 2299 Autololas
363 2235 447 2287 dabat
457 2242 485 2288 et
494 2237 634 2289 Maurusia
645 2234 709 2287 tela.
796 2232 847 2286 115
863 2252 867 2258 ’

55 2303 91 2364 Is,
102 2301 209 2368 trepido
221 2317 253 2354 ac
263 2300 360 2354 lituum
370 2305 469 2357 tinnitu
479 2310 552 2357 stare
563 2305 675 2374 neganti

54 2372 217 2439 Imperitans
228 2372 362 2427 violenter
373 2387 453 2442 equo,
463 2379 609 2441 postquam
619 2372 729 2427 auribus
738 2369 787 2426 ho·

122 2459 125 2465 ·
388 2473 393 2479 -
526 2444 576 2496 stis

54 2506 182 2560 Vicinum
193 2522 253 2560 sese
264 2509 346 2574 videt,
359 2517 388 2563 et
397 2510 516 2563 clamore
527 2513 689 2580 propinquo,

56 2577 183 2628 claudius
193 2576 266 2641 huic,
275 2581 371 2647 inquit,
381 2581 552 2647 (praestabat
563 2582 690 2645 Claudius
700 2586 761 2634 arte

54 2643 704 2719 Bellandi,etmeritamilleinterproeliaiama)
795 2648 847 2699 150
