1906 3308
63 92 66 97 ’
151 80 624 164 enumerabuntur.
750 112 784 163 et

35 236 39 255 ¹
54 232 152 284 Donec
163 227 351 280 flammiferum
361 227 487 280 tollentes
498 243 616 295 aequore
628 243 735 280 currum
810 228 842 278 et

10 296 14 304 ’
55 299 125 351 Solia
138 299 200 365 equi
211 312 334 364 sparsere
345 297 425 347 diem.
453 295 571 364 lamque,
584 297 649 347 orbe
659 303 764 359 renato,

55 369 179 425 Diluerat
188 365 300 416 nebulas
311 366 403 426 Titan,
414 365 566 433 sensimque
580 364 682 416 fluebat

45 428 149 502 ‘caligo
159 437 284 485 interrae
294 433 379 484 nitide
390 432 511 484 reuoluta
520 447 626 484 uerene.

55 505 133 555 Tune
144 502 208 565 ales,
220 503 338 568 priscum
347 499 455 568 populis
465 500 587 551 demere
597 501 703 553 Latinis

55 573 217 637 Auspicium,
228 585 292 620 eum
302 569 374 619 bella
383 574 489 635 parant,
499 573 657 636 mentesque
666 571 788 621 Deorum
812 571 846 620 bb

56 640 206 706 Explorant
216 652 298 703 nuper
308 642 415 698 eventu,
427 650 478 688 een
488 638 613 703 praemia
623 637 721 700 luctae,

56 708 203 758 Damnavit
211 706 294 767 vesei,
304 705 414 771 planetu
433 719 467 757 ue
478 705 606 756 alimenta
614 705 721 774 refugit.

56 775 114 827 Nec
124 789 208 825 rauco
219 780 314 824 taurus
325 770 441 824 ceeiarit
470 773 538 826 ebile
551 773 585 824 ed
595 789 658 826 arar

56 843 200 910 lmmugire
212 855 289 902 euno,
299 852 473 911 preeeamqpe
484 841 519 892 ad
529 841 600 893 eolla
608 843 752 910 bipennem

57 913 166 962 Incerta
176 911 282 962 cervice
292 907 392 971 ferens,
403 907 501 960 altaria
510 909 596 977 liquit.
814 912 846 963 ⁶5

60 979 142 1046 Signa
153 980 235 1031 etiam
245 977 333 1043 affusa
343 982 450 1030 certant
460 977 524 1031 dum
533 977 633 1030 vellere
642 980 723 1042 mole,

60 1050 162 1099 'l'aeter
170 1046 254 1100 humo
263 1047 355 1099 lacera
363 1047 499 1098 nitentum
507 1049 596 1114 erupit
604 1049 632 1099 in
643 1063 693 1100 ora

59 1117 206 1168 Exsultane
217 1130 306 1179 cruor,
315 1121 344 1168 et
353 1116 445 1167 caedis
456 1115 619 1168 documenta
628 1116 737 1168 futurae

59 1186 123 1252 ipsa
132 1184 229 1250 parens
239 1185 344 1236 miserie
354 1185 457 1251 gremio
469 1184 543 1236 dedit
555 1191 616 1235 atra
626 1192 752 1237 cruento:

58 1256 97 1305 Aa
108 1268 189 1318 super
197 1251 266 1304 haee
271 1253 370 1303 Divum
381 1254 497 1319 genitor,
504 1258 645 1320 terraeque
651 1253 808 1323 fretumque
815 1257 848 1304 ib

61 1323 224 1372 Concutiens
234 1321 346 1382 tonitru,
358 1320 508 1387 Cyclopum
518 1325 598 1386 rapta
608 1323 719 1372 canania
806 1355 809 1358 -

60 1389 184 1441 Fulmina
194 1386 352 1454 Tyrrhenae
361 1378 543 1454 Thrasymeni
553 1390 635 1439 torsit
643 1390 671 1438 in
680 1390 779 1441 undae:

59 1460 187 1533 letusque
197 1454 326 1508 aetherea
335 1471 384 1523 per
394 1461 490 1524 stagna
499 1457 621 1523 patentia
630 1456 739 1509 flamma
787 1461 793 1466 ”

60 1527 185 1579 Fumarit
194 1525 278 1587 laeua,
290 1532 370 1593 atque
382 1531 506 1576 arserunt
515 1523 642 1577 fluetibus
651 1527 736 1592 ignea.

30 1656 33 1661 q
60 1596 123 1646 Heu
133 1597 195 1646 vani
205 1596 331 1657 monitus,
343 1593 496 1665 frustraque
506 1595 641 1645 morantia
651 1594 754 1647 Pareae
816 1598 849 1647 ¹15

61 1663 202 1732 Prodigia!
221 1662 273 1715 heu
285 1664 348 1715 fatie
360 1663 457 1730 Superi
463 1657 586 1715 'certasse
597 1663 728 1715 minores!

61 1735 147 1799 Atque
159 1733 211 1795 hic,
223 1735 349 1800 egregius
358 1733 475 1800 linguae,
485 1748 583 1784 nomen
602 1749 637 1784 ue
647 1733 801 1800 superbum,

62 1804 201 1865 Corvinus,
211 1802 341 1854 Phoebea
351 1801 429 1853 sedet
439 1803 483 1854 eui
494 1750 683 1870 cassidg'firiva

61 1871 207 1922 Ostentane
220 1871 274 1922 ales
285 1872 424 1937 proauitae
433 1872 549 1939 insignia
558 1886 674 1941 pugnae,

61 1939 160 1991 Plenus
173 1945 201 1990 et
209 1940 267 2005 ipae
277 1939 374 2001 neum,
386 1945 414 1991 et
425 1941 529 1990 aucium
540 1946 659 1991 terrente
672 1954 782 2005 pavore,
817 1941 851 1988 8⁰

60 2008 198 2064 lmmieeet
209 2006 334 2072 precibus
344 2009 456 2070 monita,
468 2014 549 2074 atque
559 2007 601 2059 hie
611 2009 724 2058 vocibus
733 2009 801 2058 infit.

13 2086 17 2093 ·
61 2077 158 2126 iliacae
168 2089 217 2141 per
226 2080 255 2126 te
266 2073 397 2136 flammae,
409 2075 584 2143 Tarpeiaque
591 2090 667 2137 saxa,

60 2146 115 2195 Per
125 2144 239 2212 patrios,
251 2142 358 2206 cenaui,
368 2157 469 2205 muros,
480 2158 663 2213 suspensaque
673 2151 782 2195 nostrae

39 2274 43 2283 Ι
61 2215 168 2265 Eventu
177 2227 283 2280 pugnae
294 2218 420 2263 natorum
430 2212 552 2279 pignera,
565 2213 646 2264 cedas

63 2283 179 2333 Oramus
189 2279 310 2348 Superis,
320 2286 480 2349 tempusque
491 2280 526 2331 ad
537 2282 641 2346 proelia
652 2280 776 2332 dextrum
818 2282 850 2331 85
872 2253 876 2263 ,

62 2351 220 2418 Opperiare.
247 2350 359 2401 Dabunt
368 2349 440 2400 idem
452 2364 618 2422 camposque
626 2350 750 2424 diemque

60 2418 202 2487 Pugnandi
209 2435 221 2487 ι,
234 2423 349 2487 tantum,
359 2434 394 2469 ne
406 2418 551 2486 dedignare
563 2419 697 2471 eeaundoe

62 2487 229 2553 Exspectare
240 2488 324 2540 Deos.
353 2490 418 2539 Cum
430 2486 536 2539 fulserit
545 2487 630 2552 bura,
639 2491 793 2538 eruentem

63 2555 139 2615 Quae
150 2560 268 2626 stragem
277 2556 387 2628 Libyae
396 2563 504 2628 portet,
514 2565 578 2612 urm
590 2554 848 2628 §ignaueuuenm

55 2622 133 2676 Nulla
146 2624 223 2683 vulta
232 2644 326 2695 manu,
338 2633 476 2709 vescique
484 2632 645 2686 interritae
656 2626 722 2677 area

82 2690 210 2751 Statue
231 2701 331 2758 luat..
444 2704 472 2715 ““
714 2691 748 2741 (3

875 2599 921 2645 §Q
