1906 3308
140 119 191 170 ass
331 116 361 167 c.
389 112 492 166 siun
521 76 734 166 1'rsniu1'
810 86 829 135 ’-

141 240 218 290 Felix
229 236 307 298 haec,
317 235 413 302 inquit,
427 235 541 288 Veneris
552 249 634 284 nurus
646 233 744 288 ordine
756 235 844 308 longo

79 314 130 362 810
143 311 313 374 Troiugenas
324 307 411 355 iunxit
421 307 526 355 sociata
537 305 613 370 prule
624 304 742 356 Latinis.

139 381 189 431 Vis
201 384 228 427 et
237 377 407 441 Martigenae
417 372 552 424 thalamos
563 378 689 439 spectare
703 375 833 435 Quam}

138 445 286 499 Hersiliam
298 457 392 494 cerne:
404 440 524 494 hirsutos
534 457 596 493 eum
606 448 753 508 sperneret
763 445 832 497 olim

122 547 124 553 ,
141 517 216 569 Gens
226 514 315 564 vicina
325 525 435 579 procos,
447 512 552 577 pastori
564 516 646 577 rapta
654 512 759 565 manto
790 542 804 563 ,ι
858 554 862 559 ,

138 583 309 649 lntravitque
321 594 411 643 casae,
423 580 556 647 culmique
567 594 582 630 a
593 580 725 637 stramine
735 578 841 634 fultum

23 700 27 705 .
79 656 132 708 815
141 653 248 708 Pressit
255 651 331 702 laeta
340 654 444 713 torum,
459 653 489 700 et
497 663 615 716 ‚soceros
628 650 775 732 persuasit,
789 650 826 703 ab
838 662 879 719 μ·

610 733 670 770 mn.
731 750 735 755 -
798 746 803 761 ·

108 792 111 797 '
141 793 257 859 Adspice
268 787 420 842 Carmentis
430 802 549 856 gressus.
580 787 824 847 Evmdriamaten

140 863 220 913 llaec
231 860 292 920 fuit,
304 862 333 909 et
342 863 449 908 vestros
460 859 552 924 tetigit
560 856 698 925 praesaga
706 857 831 911 labores.

141 931 191 983 Vis
201 935 238 992 et,
251 940 320 996 quus
326 926 462 994 Tanaquil
470 926 561 977 multus
571 923 669 993 geratt
679 926 882 996 Haeeqnnqns

614 1000 708 1047 castae
828 1024 831 1029 ·

56 1056 58 1060 ’
141 1067 261 1136 Auguria
273 1065 358 1118 valuit
369 1065 477 1126 mentis,
485 1064 736 1132 venturaquedixit

83 1137 135 1189 820
145 1137 239 1204 Regna
246 1136 316 1195 viro,
329 1140 357 1185 et
366 1133 479 1185 dextros
545 1134 639 1184 onitin
649 1132 714 1184 alita
724 1132 832 1189 Divos..
849 1180 866 1195 ,.

142 1208 217 1257 Ecce
227 1203 374 1272 pudicitiae
384 1202 495 1253 Latium
525 1201 763 1264 ecus‚·inelitaleti

142 1274 209 1326 Fert
219 1272 337 1324 frontem
349 1277 430 1339 atque
442 1270 536 1322 oculos
552 1276 643 1322 terrae
654 1269 789 1323 Lucretia
800 1272 882 1325 lixas.

143 1341 206 1394 Nou
217 1342 306 1405 detur,
317 1338 371 1393 heu
380 1339 387 1390 l
397 1338 461 1403 tibi,
471 1338 572 1404 Roma,
583 1354 634 1460 neg
646 1347 702 1403 est,
714 1339 892 1409 quodmulb
915 1370 919 1381 ι

634 1416 737 1473 eceret,

143 1480 224 1532 Hanc
233 1478 343 1531 laudem
352 1479 471 1530 retinere
482 1477 537 1531 diu.
564 1477 689 1546 Virginia
696 1480 785 1544 iuxta,

83 1550 135 1602 825
146 1551 242 1611 Cerne,
253 1552 397 1600 cruentato
407 1546 504 1600 vulnus
514 1546 688 1614 subpeetore
699 1553 804 1614 servet,
841 1544 845 1557 ¹

144 1619 250 1670 Tnstia
259 1616 364 1668 defensi
374 1616 449 1668 ferro
458 1623 635 1669 monumenta
644 1616 767 1685 pudoris,

144 1689 182 1738 Et
193 1687 311 1753 patalam
320 1685 415 1736 laudat
424 1686 580 1738 ntiserando
589 1688 618 1738 in
627 1686 882 1743 vulneredextran.

144 1757 195 1807 llla
206 1760 257 1817 est,
269 1769 338 1821 quae
349 1752 492 1820 Thybrim,
503 1771 572 1822 quae
581 1755 665 1824 fregit
675 1755 767 1822 Lydia
775 1756 862 1821 bellu,

143 1824 271 1875 Nondum
281 1837 362 1889 passa
372 1837 484 1886 maram,
498 1824 591 1891 quales
602 1823 829 1892 optabathabere
888 1878 892 1885 ,

84 1892 136 1946 830
147 1890 290 1955 Quondam
302 1891 390 1944 Roma
400 1892 486 1954 viros,
503 1896 667 1946 euntemtn'x
677 1895 781 1947 Cloelia
790 1890 886 1955 sexuiae

145 1964 222 2022 cnm,
235 1959 325 2011 subito
336 1965 449 2027 aspectu
459 1960 594 2026 turbatus,
606 1962 698 2031 Scipio
710 1965 811 2031 poscit,
852 2002 855 2007 -

74 2088 78 2095 .
131 2032 224 2096 xQuae
233 2042 339 2096 poenae
350 2044 447 2093 causa,
459 2037 486 2082 et
497 2032 543 2099 qui
553 2034 607 2084 sint
617 2034 646 2084 in
656 2033 881 2087 eliminantem

146 2101 219 2152 Tum
227 2098 318 2166 virgo:
329 2099 439 2151 Patn'os
450 2099 534 2169 fregit
545 2117 614 2170 quae
625 2102 748 2154 curribus
759 2106 847 2165 aruis,
888 2098 899 2113 '

144 2169 183 2220 Et
192 2169 270 2220 stetit
280 2167 403 2220 adductis
414 2184 496 2236 super
507 2185 557 2222 ora
566 2171 712 2223 uenientia
719 2169 815 2234 frenis,
903 2220 907 2225 .

84 2237 246 2299 835Tullia,
254 2240 311 2287 'uon
320 2237 390 2289 ullos
399 2240 466 2290 satis
477 2237 642 2292 exhaustura
650 2239 769 2302 laboras,
853 2292 855 2297 ,
875 2276 887 2293 -.

144 2306 257 2359 Ardenti
266 2303 466 2374 Phlegethonte
476 2314 561 2360 natat.
589 2309 758 2362 Fornacibus
768 2307 839 2360 atris

144 2377 219 2428 Fons
228 2373 339 2440 rapidus
349 2375 424 2440 furit,
434 2383 515 2446 atque
523 2384 599 2431 ustas
609 2378 659 2430 sub
664 2381 772 2447 gurgite
782 2381 880 2430 annm

143 2445 248 2512 Egerit,
260 2449 289 2497 et
299 2446 417 2512 scopulis
429 2448 518 2514 pulsat
527 2447 704 2516 flagrantibus
715 2463 774 2500 ora.
823 2472 827 2477 ·

144 2515 195 2581 llla
206 2518 305 2575 autem,
316 2530 386 2582 quae
395 2516 524 2568 tondetur
535 2517 697 2583 praecordia
705 2523 798 2569 rostro
882 2552 885 2557 -

84 2584 137 2638 840
147 2583 234 2646 Alitis,
245 2584 290 2646 (en
302 2591 431 2652 quantum
441 2593 553 2637 resonat
564 2587 752 2654 plangentibus
763 2586 814 2636 alis

129 2654 263 2728 miger
270 2654 307 2712 nd
316 2663 416 2732 pastus
425 2654 650 2737 redienslasislt
654 2653 784 2707 nantinus
791 2665 889 2704 exuam
