1906 3308
10 126 19 241 q
189 90 629 180 ruurcouuuuruunq
732 126 783 177 555

10 256 18 323 'q
52 249 184 303 Verterat
195 251 223 296 et
234 249 352 294 mentem
361 244 448 308 Tyria
459 242 494 293 ad
507 249 606 294 conata
616 245 761 305 Tarentus,

13 356 17 379 ÷
52 319 197 384 Portisquc
212 316 346 365 intrarant
361 312 455 363 Poeni.
488 311 635 375 Sedenim
655 329 718 364 arce
739 329 783 363 co·

10 380 17 417 '·
482 420 485 427 .
525 395 614 443 rusca,
792 381 843 432 435

10 420 17 499 d
54 416 712 516 rontonnacumAusoniafflipatasedebat.·
775 446 778 455 '

55 517 371 582 llic‚miral1damovens,
383 516 505 580 classem,
513 532 582 584 quac
590 518 786 585 conditaportu

54 589 196 650 Adstabat,
207 588 334 655 (namque
346 587 467 653 angustis
479 601 493 637 e
504 585 629 637 faucibus
640 601 744 654 aequor
779 602 781 610 ¹

38 688 41 693 ·
54 658 181 724 Erumpit
191 655 318 723 scopulos
328 656 408 716 inter,
419 653 566 722 patuloque
577 670 687 707 recessu

54 725 175 783 infundit
186 725 290 791 campis
300 727 435 773 secretum
446 725 553 791 gurgite
565 727 699 791 pontum.)
795 725 847 774 clo

54 796 175 848 Inclusas
186 793 278 861 igitur,
288 791 384 858 quibus
395 789 466 842 baud
477 808 560 843 enare
572 794 709 854 dabatur,-

54 868 124 916 Arce
136 861 316 929 superposita,
327 858 451 909 claustris
461 862 543 912 maris
554 863 650 913 extulit
661 869 732 925 astu,
817 888 819 893 .

55 935 162 1000 Perque
174 943 271 1002 aqersa
281 927 342 978 tulit
353 933 475 995 portatas
487 943 553 979 arva
562 932 678 981 carinus.

54 1002 176 1054 Lubrica
185 998 310 1050 roboreis
321 997 435 1049 aderant
445 996 626 1049 substramina
636 999 773 1066 plaustris,

54 1072 151 1138 Atque,
161 1082 257 1120 recens
269 1068 342 1117 caesi
352 1072 430 1133 tergo
442 1066 569 1134 prolapsa
577 1068 694 1131 iuuenci,
795 1067 847 1120 445

55 1141 225 1206 Aequoream
236 1142 299 1187 rota
309 1135 427 1187 ducebat
437 1150 485 1202 per
496 1137 619 1204 gramina
628 1139 750 1204 puppim.

55 1209 93 1260 555
101 1210 225 1272 iam,.per
235 1203 318 1256 colles
328 1203 477 1270 dumosque
488 1205 522 1256 ad
533 1204 597 1257 litus
608 1206 716 1268 adacta,

10 1305 21 1321 a
54 1276 171 1329 innabat
182 1273 280 1340 pelago
290 1272 400 1322 veniens
411 1273 469 1323 sine
478 1274 581 1340 remIge
592 1273 695 1325 classis.

55 1344 171 1397 Nuntius
180 1342 286 1392 interea
294 1340 380 1390 vectis
390 1354 445 1401 non
455 1354 531 1391 more
543 1342 641 1395 carinis
706 1338 709 1343 ’
786 1393 789 1399 ,

11 1453 15 1457 .
55 1415 216 1466 Torrentem
228 1407 300 1460 freta
311 1418 437 1459 curarum
447 1401 600 1477 fervoribirs
610 1408 713 1477 implet
796 1411 848 1461 450

18 1502 21 1506 ·
55 1483 128 1534 Dum
139 1477 234 1547 procul
245 1474 372 1529 Oebalios
384 1482 457 1529 amet
467 1490 501 1528 ex
521 1479 623 1545 ug'nsuia
632 1483 756 1549 nepotes,

56 1552 94 1604 lit
104 1549 205 1618 primus
216 1547 312 1621 “Q
320 1545 411 1611 sulcet
419 1493 559 1619 naualbus
570 1554 645 1610 arra,

24 1676 26 1681 ,
55 1610 718 1683 Assessoscapuacmuros,claustra'ipsa'tcrelli
768 1666 773 1673 ,

33 1723 36 1728 -
55 1687 211 1748 Portarum,
223 1690 353 1749 actutum
363 1686 467 1747 miseris
477 1685 616 1745 incurrere
626 1685 735 1736 bellum.

56 1756 169 1822 Linquit
180 1759 279 1822 coepta
288 1754 377 1817 ferox,
386 1751 542 1823 pennasque
553 1753 670 1806 addente
680 1753 785 1821 pudore
795 1752 855 1805 455·

56 1826 142 1891 Atque
153 1825 195 1874 ira
204 1825 283 1876 simul
292 1824 411 1887 immani,
422 1826 472 1891 p‘er
481 1825 607 1891 proxima
616 1829 692 1875 motu

57 1892 166 1959 Evolat,
176 1906 205 1945 et
216 1895 342 1945 minitans
354 1893 434 1945 avida
443 1892 478 1943 ad
489 1894 639 1944 certamina
649 1891 744 1944 555555.

20 1984 23 1991 ·
58 1961 140 2015 Haud
151 1976 238 2023 secus,
249 1963 348 2011 amisso
358 1962 435 2027 tigris
447 1962 470 2011 si
482 1963 591 2012 concita
600 1960 658 2012 fetu
722 2000 726 2007 ,
782 1960 786 1969 “

58 2031 175 2090 Emicat,
186 2028 318 2091 attonitae
328 2030 423 2095 paucis
432 2028 564 2079 lustratur
570 2030 599 2079 in
609 2026 684 2080 horis

59 2101 205 2159 caucasus,
217 2101 245 2147 et
255 2095 327 2163 saltu
337 2096 498 2155 tramittitur
508 2096 573 2147 alite
585 2096 709 2165 Gangem
797 2096 848 2146 450

57 2168 154 2219 Donec
166 2165 294 2217 fulminco
305 2169 398 2231 partus
408 2164 525 2232 vestigio
535 2178 617 2216 cursu

11 2268 16 2281 -.
59 2235 185 2302 Colligat,
196 2240 224 2286 et
235 2233 337 2284 rabiem
348 2247 447 2302 prenso
458 2240 601 2286 consumet
610 2235 638 2285 in
647 2232 737 2287 hoste.

59 2305 160 2358 Obvius
171 2301 234 2354 hnic
245 2317 340 2368 sparso
352 2302 497 2354 Centenius
508 2305 614 2372 agmine
625 2306 725 2372 raptim

57 2373 199 2434 Funditur,
210 2370 327 2423 audendi
336 2386 444 2439 pravus,
455 2371 596 2442 facilisque
607 2374 725 2441 periclis.
806 2366 816 2381 ¹

59 2441 113 2495 Sed
124 2456 234 2508 parvum
245 2440 328 2492 decus
339 2441 493 2493 Hannibali.
521 2442 600 2506 Nam,
611 2443 674 2494 vitis
684 2440 788 2495 bonore
797 2439 849 2493 455

56 2510 221 2564 Perfunctus
230 2508 338 2572 Latiae,
349 2509 439 2561 subito
451 2510 604 2571 stimularat
614 2518 746 2579 agrestes,
804 2542 810 2551 ·

59 2579 278 2648 Semermemque
304 2592 416 2633 manum
442 2580 624 2638 sternendam
647 2581 798 2645 unquam&

540 2651 640 2708 boati.
