1906 3308
150 499 199 550 250
348 498 377 548 C.
408 494 512 561 stult
539 497 701 550 lumel

150 615 205 669 Sed
215 629 290 678 vero,
301 614 351 667 sed
361 617 432 667 enim
442 620 505 666 ante
515 629 608 666 omnes
619 614 715 667 altaria
725 615 836 671 fument
857 676 862 683 ,

151 689 265 738 Centum
276 683 348 736 festu
359 686 431 734 lori:
441 690 548 735 centum
557 684 642 735 ‘eadat
651 683 742 737 hostia
751 687 859 739 eultris.

150 756 198 807 llle
208 760 315 805 trucem
323 752 387 803 belli
397 753 495 803 nubem
508 767 656 820 saevasque
667 756 806 821 proeellas
864 774 867 779 ·

94 823 144 876 335
156 825 187 874 lu
197 823 316 888 Libyam
325 822 459 875 violenter
470 827 547 888 aget3
558 823 717 887 spectabitis
727 825 781 891 ipsi

153 892 256 959 Aegida
265 890 376 941 turbato
388 892 554 959 quatientem
563 891 590 941 in
602 891 706 959 proelia
715 891 829 945 mundo.

153 962 240 1027 Atque
252 975 285 1010 ea
295 959 409 1010 Parnasi
420 965 563 1026 postquam
576 959 692 1010 clamata
701 960 750 1011 sub
761 961 850 1015 antus

154 1030 280 1090 allatum,
290 1028 416 1096 vulgique
425 1028 502 1079 Deus
513 1029 636 1095 pervenit
646 1029 681 1080 ad
691 1044 785 1094 aures3

153 1098 184 1150 ln
196 1096 360 1164 Capitolinas
373 1097 498 1147 certatim
508 1097 648 1147 scanditur
656 1112 744 1161 arces,

94 1168 145 1220 elo
157 1166 374 1233 sternunturque
384 1164 457 1228 lori,
471 1169 501 1218 et
511 1165 652 1217 delubrum
662 1167 793 1235 sangiune
803 1163 877 1221 hene

32 1240 36 1249 '
625 1240 695 1286 ram.
788 1246 791 1251 ·

157 1306 228 1355 Tum
234 1301 345 1355 Paeana
356 1308 465 1366 canunt,
476 1315 660 1372 responsaque
672 1302 878 1370 lidaprecantru

155 1373 267 1424 Interea
273 1373 393 1423 assuetis
403 1374 494 1424 senior
505 1374 661 1440 Torquatus
670 1373 697 1424 in
708 1373 804 1435 armis,

157 1440 277 1494 Sardoas
286 1440 376 1508 patrio
387 1441 528 1507 quatiebat
536 1442 621 1492 milite
630 1446 727 1493 terras.

156 1509 226 1563 Nam
245 1523 294 1571 ue,
310 1514 400 1559 ortum
411 1508 494 1560 lliaea
503 1510 609 1561 iactans
620 1510 654 1561 ab
666 1509 771 1577 origine
781 1523 879 1563 nomeu

99 1578 191 1633 34511
204 1526 276 1629 edla
286 1577 490 1645 Hampsagoras
502 1579 604 1645 'Tyrios
620 1576 752 1631 renovata
766 1586 879 1633 vocarat

156 1647 252 1699 Proles
263 1644 377 1714 pulchra
387 1647 456 1709 viro,
466 1662 517 1699 nee
528 1649 576 1698 tali
588 1648 670 1716 digna
678 1652 804 1715 parente,
840 1650 841 1654 ’

156 1718 262 1768 Hostus
273 1720 345 1766 erat:
359 1716 434 1766 cuius
444 1715 530 1768 fretrus
540 1716 662 1784 fulgente
672 1718 793 1779 iuventa,

158 1786 220 1853 lpse
231 1799 311 1852 asper
321 1784 392 1850 paci,
403 1784 502 1836 erudos
511 1787 569 1836 sine
579 1787 680 1837 viribus
691 1799 786 1846 annos,
816 1788 824 1797 ”

158 1853 301 1907 Barbariei
311 1852 400 1904 studio
411 1855 489 1917 ritus,
498 1853 641 1907 referebat
651 1855 679 1905 in
690 1855 780 1905 armis.
833 1876 838 1885 ·

100 1924 150 1975 350
161 1924 241 1991 Isque
251 1918 299 1973 ubi
309 1923 480 1990 Torquatum
489 1922 589 1990 raptim
600 1928 747 1990 properata
757 1921 880 1975 serenteu

159 1991 243 2060 Signa
252 1991 335 2053 videt,
346 2006 506 2058 pugnaeque
512 1992 605 2043 avidas
614 1992 764 2043 accendere
771 1990 880 2045 dextrar

158 2060 267 2114 Fraude
277 2059 331 2110 loei
341 2065 415 2121 nota,
426 2059 565 2113 latebrosa
574 2074 624 2126 per
634 2062 696 2112 svin
706 2060 792 2112 saltus

159 2129 269 2190 Euolat,
281 2133 318 2190 et,
328 2128 439 2194 provisa
449 2127 531 2196 fugae
542 2129 702 2194 compendia
712 2143 840 2194 carpens,

74 2211 78 2219 ’
160 2197 288 2265 virgulta
296 2197 398 2263 tegitur
408 2196 478 2248 valle
490 2211 522 2247 ae
532 2195 720 2249 frondentibus
731 2197 842 2250 umbris.

80 2300 87 2311 =
100 2267 152 2320 ³55
162 2267 262 2328 Insula,
273 2264 418 2315 fluctisono
429 2266 632 2317 circumvallata
642 2266 788 2334 profundo,

161 2336 317 2402 castigatur
328 2333 413 2415 aquis,
425 2348 634 2402 compressaque
646 2337 753 2403 gurgite
763 2340 855 2389 term

159 2405 294 2457 Enermes
305 2399 415 2454 cohibet
425 2402 514 2455 nudae
525 2403 574 2454 snb
585 2406 703 2472 imagine
713 2404 833 2471 plantae.

160 2473 227 2527 lnde
239 2470 356 2524 lchnusa
384 2472 440 2522 rius
453 2472 542 2524 Graiis
554 2478 706 2525 memorata
717 2472 831 2535 colonis,

160 2543 237 2605 Mox,
247 2541 356 2607 Libyci,
366 2486 482 2603 ἓωᾱιιε,
493 2556 626 2609 generoso
639 2542 769 2609 sanguine
780 2539 870 2593 fidens

103 2612 155 2665 860
165 2610 301 2672 Herculis,
312 2624 347 2660 ex
358 2623 419 2661 sese
429 2611 545 2661 mutarit
554 2612 665 2662 nomina
673 2617 774 2663 terrae.
824 2638 828 2645 ·

162 2678 298 2731 affluxere
310 2679 402 2741 etiam,
412 2684 441 2730 et
451 2678 530 2729 sedes
541 2692 657 2744 posuere
668 2684 780 2730 coactas

162 2748 287 2815 Dispersi
298 2746 405 2814 pelago,
416 2752 479 2813 post
490 2754 568 2799 eruta
577 2747 721 2815 Pergama,
733 2746 849 2797 Teucri:
878 2770 881 2774 ·

163 2817 221 2868 Noe
232 2831 347 2882 parvum
358 2816 451 2877 decus,
463 2812 578 2867 advecto
590 2832 651 2868 cum
661 2817 748 2867 classe
758 2820 876 2882 paterna

163 2886 274 2952 Agmine
285 2881 479 2951 Thespiadum,
489 2886 579 2947 terris,
588 2885 673 2947 lolae,
684 2883 791 2939 dedisti.

105 2953 311 3013 retranseo,
322 2968 385 3003 eum
394 2952 493 3003 laceris
503 2953 624 3006 Actaeon
634 2952 723 3004 flebile
733 2950 862 3004 membrls

164 3021 330 3090 Supplicium
340 3021 429 3074 lueret
439 3026 580 3090 spectatae
590 3021 704 3077 insonte
716 3021 834 3086 Dianae,
