1906 3308
224 77 581 175 ruurcoaumnrn.
608 119 643 172 x.
747 123 798 175 roa

15 235 34 277 -“
66 243 171 296 Avoeat
179 242 302 309 ignarum
312 255 394 291 saevo
407 255 424 291 a
434 241 580 292 certamine
591 240 721 292 Poenum.

66 313 130 364 Huc
151 311 221 374 tela,
239 307 306 374 huo,
326 311 425 379 inquit,
447 303 578 430 dentrr'aanpf
588 309 795 377 implorantibus

142 408 146 415 .
534 424 537 430 4
576 395 614 442 ffl',

68 449 91 500 0
103 448 187 498 decus
198 452 338 500 aeternum
349 444 530 515 Carthaginis.
565 447 687 501 Horrida
695 448 774 500 iuxta

68 514 231 584 stagnantes
242 518 341 569 Consul
350 516 460 569 molitur
471 515 575 581 proelio
584 518 671 583 ripas:
718 548 721 553 -

66 585 105 636 Et
114 586 172 636 laus
184 583 256 635 haud
269 586 321 635 alio
332 585 421 635 maior
431 584 511 635 datur
523 582 601 632 hoste
612 591 744 647 peremto.
823 585 859 638 90

66 653 144 704 llaec
156 654 209 718 ait;
220 658 249 704 et
258 654 383 704 iuvenem
393 650 500 701 diversa
511 650 546 700 ad
556 650 662 717 proelia
672 660 774 718 raptat.
864 688 867 696 ι

65 723 205 774 Flumineo
217 721 353 786 Libycam
363 718 491 774 turbabat
499 719 527 770 in
539 733 638 786 aggere
649 719 762 785 pubem:

66 793 172 843 Cristae
183 805 282 840 nomen
292 793 360 840 erat.
393 788 443 840 Bis
453 789 525 839 terni
533 787 763 859 iunetaferebant

64 862 147 912 Arma
156 870 250 910 senem·
261 858 335 908 eirca
342 856 412 906 nati:
423 871 579 924 pauperque
588 863 729 923 penatum,

64 927 120 981 Sed
138 929 235 980 domus
254 923 327 978 haud
342 924 459 977 obseura
473 924 734 1044 l¹udp]r,bnotusque
747 941 798 998 per

559 1009 586 1042 m
604 1009 651 1046 ros
822 996 855 1049 95

63 1063 187 1116 Bellator
197 1059 413 1132 populos‚'faotis
425 1065 453 1113 et
465 1060 549 1113 caede
559 1058 678 1114 docebat

62 1132 369 1200 Natorumarmigeram
380 1146 484 1201 pugnas
494 1136 615 1184 tractare
627 1131 777 1185 cohortem.

63 1203 197 1254 Unanima
205 1201 268 1253 inde
279 1198 411 1266 phalanx,
423 1200 506 1253 crudo
520 1202 635 1263 (irruente
645 1203 787 1269 magistro,

62 1268 214 1338 Postquam
229 1267 369 1321 hominum
381 1269 483 1321 satiata
492 1284 560 1320 nece
572 1275 627 1332 est,
641 1276 796 1338 prostrave-
865 1310 869 1317 .

533 1338 645 1388 ratietu

62 1404 207 1456 Innumero
222 1418 282 1455 eum
294 1408 368 1455 turre
379 1401 480 1466 feram,
490 1395 649 1470 secutusque
660 1405 761 1456 secutis
804 1407 856 1456 100

62 1473 209 1524 Ardentem
220 1474 335 1540 monstri
344 1471 488 1537 spectabat
497 1471 571 1523 laeta
578 1473 700 1523 ruinams

64 1543 131 1592 Cum
142 1541 246 1592 subitus
257 1540 352 1609 galeae
363 1540 462 1608 fulgor,
474 1556 598 1608 eonoque
609 1555 741 1594 coruscae

61 1611 168 1662 Maiore
178 1610 343 1661 intremuere
353 1609 447 1661 iubae:
458 1625 508 1662 neo
517 1610 598 1662 tarda
607 1615 733 1662 senectus
742 1628 752 1678 ς

61 1679 190 1748 (Agnovit
199 1679 333 1744 namluce
343 1680 442 1743 virum)
452 1681 525 1746 rapit
536 1680 642 1748 agmine
653 1684 733 1731 natos

62 1744 151 1799 Saeva
160 1763 258 1814 parens
268 1748 340 1814 ultro
346 1749 373 1798 in
380 1750 537 1813 certamina,
549 1748 793 1818 otadderepossim
804 1749 855 1805 105

61 1816 131 1868 Tela
139 1817 224 1879 iubet,
234 1831 286 1870 nee
297 1824 438 1869 manantes
449 1833 483 1870 ex
494 1833 542 1871 ore
552 1817 648 1882 feroci,

60 1886 114 1936 Aut
125 1898 194 1951 quae
206 1885 354 1953 flagrarent
363 1887 451 1955 galea,
462 1887 657 1940 exhorrescere
662 1885 795 1942 flammas.

61 1954 184 2019 Armiger
194 1951 268 2004 haud
279 1954 357 2006 aliter
367 1958 458 2022 magni
468 1958 549 2020 lovis,
560 1959 642 2008 anxia
652 1957 716 2009 nido

61 2022 130 2072 Cum
140 2019 236 2087 dignos
247 2023 333 2072 nutrit
343 2024 475 2089 gestanda
486 2025 521 2075 ad
529 2024 642 2075 fulmina
651 2024 733 2088 fetus,

63 2089 212 2141 Obversam
222 2095 350 2154 spectem
361 2105 410 2141 ora
420 2091 455 2140 ad
465 2091 650 2143 Phaethontia
661 2093 776 2159 prolem,
803 2095 854 2146 110

61 2157 197 2224 Explorat
208 2157 305 2209 dubios
316 2155 446 2209 Phoebea
454 2156 580 2225 lampade
591 2164 680 2212 natos.

61 2229 172 2294 lamque
183 2226 239 2279 suis
250 2226 329 2278 duret
338 2231 369 2278 ut
379 2241 486 2294 pugnae
493 2228 795 2295 docunrentavooantis,

64 2294 245 2364 [Stridentem
256 2294 354 2364 gelidis
364 2297 480 2348 rlbravit
489 2297 590 2349 viribus
602 2295 733 2366 hastam]

63 2368 140 2429 Quae
150 2365 254 2425 medias
264 2365 364 2433 raptim
374 2365 455 2418 velox
465 2366 650 2434 praetervolat
661 2381 751 2418 auras.

61 2436 160 2487 Haesit
170 2433 313 2509 multiplici
323 2451 378 2486 non
390 2435 444 2487 alte
455 2437 545 2503 cuspis
555 2437 582 2486 in
594 2449 671 2497 auro,
802 2435 854 2487 115
879 2481 884 2489 ,

61 2506 101 2556 Ao
111 2505 215 2557 senium
225 2503 343 2556 invalido
355 2505 514 2573 dependens,
522 2505 725 2572 prodiditirmr.

62 2573 237 2626 CuiPoenus:
250 2574 366 2637 erinam
378 2574 523 2630 adsessos
531 2573 614 2627 furor
621 2570 827 2640 inxpnlrt'xetus

49 2639 226 2710 Bxsanguem
235 2646 317 2702 senio
329 2647 481 2711 dextraml
490 2648 555 2709 Vix
561 2646 663 2722 prima
669 2633 843 2719 urorrxoru'xi
