1906 3308
87 132 90 139 ·
195 80 639 170 commonentium
741 79 840 172 srr'

16 272 28 276 --
61 239 140 291 Haec
159 250 231 306 pone
251 249 394 304 aggressus
416 236 495 298 (nam
515 233 632 287 frontem
658 235 793 291 clauserat

534 318 565 355 ae
585 320 636 354 uer

62 376 182 437 Moenia,
193 372 325 424 nonullae
335 360 420 422 valuit
429 320 598 451 perfringeile
610 310 718 427 Pdenus

64 446 138 496 'l'uta
147 443 219 494 mole
229 442 295 505 rias,
308 440 462 508 frustraque
472 441 604 509 inglorius
614 443 674 494 ausi

63 511 319 579 Pulsavitquatiens
329 509 484 560 obstructas
493 511 580 581 ariete
590 515 694 576 portas.
818 512 852 565 4⁰

64 580 161 633 Stabat
171 578 419 630 Cannarum-Graia
428 577 463 629 ad
473 579 621 630 munimina
629 579 719 635 vietor

63 648 260 718 Nequidquam,
271 652 299 699 et
309 651 405 697 cautae
415 647 514 699 mentis
526 648 650 699 consulta
659 646 794 715 probabat

59 720 178 781 Eventu,
187 717 233 783 qui
243 721 305 781 post
314 715 405 765 Dauni
414 716 569 784 stagnantia
577 730 663 784 regna
755 718 759 729 '

64 786 199 854 Sanguine
212 785 344 850 Tarpeias
354 785 394 834 ire
405 784 579 837 abstinuisset
588 785 622 836 ad
634 799 721 838 arcos.

65 853 173 923 En,qui
181 866 232 904 nos
242 867 348 920 segnes,
360 856 388 902 et
397 854 504 904 nescire
515 852 616 905 addere
625 866 734 909 cursum
818 855 852 907 45

20 940 23 945 ·
62 925 139 976 Fatis
147 921 266 984 iactatis,
278 920 350 988 quod
360 920 437 972 robis
448 921 578 973 scandere
589 924 692 990 nuper‘

63 992 124 1047 Nou
135 992 195 1045 acie
205 1004 240 1045 ex
248 991 308 1058 ipsa
319 1004 478 1040 concessum
488 991 595 1041 moenia
605 990 723 1058 Romae3

63 1063 175 1123 intrate,
188 1064 217 1111 at
235 1073 269 1110 uc
280 1059 374 1126 epulas
384 1059 530 1125 promissas
541 1059 606 1111 sede
619 1062 753 1123 Tonantis

64 1131 123 1193 His,
134 1142 203 1197 quae
215 1076 401 1180 &reinmarum
413 1126 543 1191 defendit,
554 1128 660 1181 reddite
670 1132 760 1192 tectis.
856 1170 862 1183 s

56 1199 143 1251 'Talia
151 1197 282 1259 iactabat,
292 1195 436 1263 famaeque
446 1196 550 1263 pudore
561 1194 679 1266 futurae,
818 1200 852 1249 5⁰

64 1267 158 1320 irritus
168 1267 279 1333 incepta
289 1266 390 1330 umarus
401 1266 424 1315 si
436 1265 580 1317 absisteret
590 1266 666 1331 urbe,
742 1304 743 1309 ,

63 1335 187 1388 indebat
198 1338 304 1396 cuncta,
311 1339 397 1399 ,atque
408 1332 525 1385 acuebat
534 1332 676 1387 fraudibus
686 1347 784 1389 cusos.-

64 1403 118 1456 Sed
128 1400 233 1455 subitae
243 1403 326 1452 muris
336 1399 472 1465 flammae,
481 1404 594 1471 totoque
604 1399 726 1457 fluebant

63 1472 174 1541 aggeris
185 1469 309 1522 anfractu
320 1469 376 1521 teia
385 1470 533 1539 improvisa
541 1483 591 1538 per
600 1463 689 1524 aurai.

63 1540 145 1594 Haud
155 1554 243 1603 secus,
255 1539 374 1591 occuluit
383 1540 443 1591 saxi
455 1552 522 1659 auos
529 1539 633 1607 uertice
644 1539 717 1595 retus
775 1600 777 1610 Ι
816 1543 851 1597 55

64 1611 124 1662 Ales
136 1608 209 1660 tulra
219 1609 299 1672 ioris,
309 1608 395 1669 tacito
406 1608 455 1659 sin
485 1608 602 1660 culmina
610 1610 671 1661 aisn

20 1710 24 1717 -
64 1679 159 1731 Evasit
168 1692 288 1745 serpens,
298 1682 438 1744 terretque
447 1678 613 1746 propinquus
624 1676 715 1745 hiatu3

64 1747 121 1811 illa,
132 1744 239 1798 hostem
249 1751 339 1811 rostro
350 1750 432 1813 atque
442 1747 559 1799 assuetis
568 1745 682 1799 fulmina
688 1747 764 1804 terre

64 1817 202 1884 Unguibus
211 1817 358 1879 incessens,
368 1815 424 1867 uidi
435 1814 611 1881 circumvolat
622 1817 739 1873 orbem„

17 1906 28 1931 l
64 1884 187 1936 'faudem
197 1884 231 1935 ad
240 1886 343 1937 vicinos
355 1884 500 1937 cumarum
509 1889 617 1938 vertere
626 1892 723 1954 portus
816 1887 851 1939 ott

10 1970 12 1975 ·
64 1951 194 2004 Defessus
205 1950 313 2014 subivit,
322 1953 398 2002 vario
418 1967 452 2005 ue
461 1952 595 2005 lacessere
605 1960 682 2007 mutu

64 2021 220 2082 Fortunam,
231 1990 358 2085 etiamae
370 2024 414 2070 tur
431 2020 503 2073 audo
516 2020 624 2073 obstare
634 2024 767 2077 sinistrae.
869 2076 873 2082 .

63 2087 118 2141 Sed
127 2090 221 2139 'custos
231 2086 292 2138 urbi
301 2084 605 2153 Gracchus,tutelarel
613 2090 679 2156 ipsis

12 2211 16 2219 ,
64 2158 178 2219 certior,
191 2153 311 2220 arcebat,
321 2156 415 2220 muris,
423 2156 688 2224 iterumquesedcre,
740 2204 747 2219 ,
874 2200 879 2209 ,

62 2227 164 2284 Portus
174 2230 255 2294 atque
265 2222 355 2277 aditus
363 2224 463 2287 iterum
475 2239 585 2293 sperare
594 2226 714 2280 vetabat.
816 2231 850 2284 65

63 2296 265 2361 Lustratinops
275 2294 365 2358 animi,
375 2294 543 2414 rimaturffiue
554 2294 645 2347 omnin
653 2297 755 2351 circum
810 2350 811 2355 ,

12 2389 25 2413 .-
63 2366 418 2432 Alitcvectuscquo,rursu
450 2377 485 2414 ue
515 2363 646 2417 ortatibus
655 2365 721 2420 infit·

64 2432 190 2488 Laadum
207 2433 312 2502 agitare
333 2447 411 2486 suos.
455 2446 487 2485 ro
502 2430 553 2496 Dr,
574 2434 633 2502 quis
651 2437 792 2502 terminus,

27 2536 38 2561 s
130 2510 137 2533 ⁴
297 2502 307 2512 '
501 2503 631 2571 inquit,

63 2574 133 2626 Ante
142 2569 226 2632 nrbes,
232 2571 323 2624 standi
335 2568 443 2637 Graias,
455 2568 541 2625 oblite
549 2577 669 2633 tuorum

53 2640 201 2690 Factorum
210 2640 309 2695 nriiesi
320 2643 382 2714 quis
393 2643 449 2699 erit
459 2642 582 2701 modus‘t
596 2643 717 2718 dinibus
726 2645 812 2694 astat
857 2631 902 2681 'W

78 2703 344 2766 stannatum
683 2714 734 2777 ,Q
