1906 3308
824 376 827 385 ¹
849 384 855 391 ι

160 402 169 411 Ι
806 397 809 401 .

842 468 848 476 ι

839 483 843 491 ι

159 494 210 548 aas
295 551 312 562 ,,
358 495 389 548 c
415 491 518 548 sinu
543 490 708 549 rrnurcr

107 626 110 633 ·
162 611 218 665 Sed
228 614 316 682 rigor,
326 609 473 665 hausturus
484 610 605 676 Latium,
613 612 640 664 'si
651 616 745 664 cetera
753 609 844 667 Marti

161 681 433 744 Adiunctum-forent,
444 697 529 748 prava
540 681 713 732 obtrectante
724 696 841 734 suorum
904 718 907 723 -

160 750 266 802 Invidia
277 764 408 803 revocare
419 748 531 811 animos,
543 763 575 800 ac
587 755 662 800 stare
673 757 775 816 negata

44 877 48 883 ,
164 819 320 886 cogebatur
330 832 391 885 ope,
403 824 431 868 et
442 819 518 868 senio
528 823 687 884 torpescere
696 831 798 873 rerum.
812 824 815 829 '

116 886 157 941 db
167 888 252 939 Parta
261 893 353 937 tamen
362 884 480 937 formido
490 901 586 949 manu,
601 890 629 936 et
638 890 682 936 tot
693 886 825 939 caedibus
835 886 907 945 alirn

165 956 310 1017 Quaesitus
320 960 418 1017 terror,
428 952 503 1005 velut
511 952 666 1004 inviolabile
676 953 738 1005 telis

165 1022 317 1077 Sei-rabant
326 1035 488 1091 sacrumque
498 1027 594 1091 caput:
603 1036 708 1104 proque
719 1021 847 1077 omnibus
859 1039 905 1078 ar·

169 1150 173 1156 .
537 1142 540 1147 -
634 1105 696 1158 ΜΒ»

165 1163 204 1214 Et
214 1165 367 1213 castrorum
377 1157 483 1227 opibus,
495 1156 651 1226 dextrisque
656 1158 812 1213 recentibus
817 1175 905 1214 unurn

113 1225 118 1235 '
167 1230 328 1282 Hannibalis
338 1235 383 1281 sat
392 1234 572 1281 nomencrat.
599 1230 656 1280 Tot
665 1229 776 1299 dissona
785 1225 885 1298 lingua

125 1301 159 1351 2⁰
169 1300 291 1366 Agmina,
300 1296 445 1349 barbarico
456 1303 500 1349 tot
509 1297 694 1349 discordantia
703 1299 758 1350 ritu
816 1300 819 1315 '

169 1367 261 1419 Corda
269 1368 357 1417 virum
367 1380 492 1418 mansere
503 1365 598 1433 gradu,
608 1367 743 1436 rebusque
752 1367 858 1420 retusis

169 1435 252 1488 Fidae
263 1434 384 1486 ductoris
395 1437 484 1485 tenuit
493 1437 647 1486 reverentia
656 1441 770 1493 mentes.

169 1504 228 1556 Nec
238 1518 304 1555 vero
313 1504 433 1554 Ausonia
443 1508 549 1553 tantum
560 1517 589 1554 se
599 1503 687 1555 laetus
698 1505 799 1572 agebat

169 1572 334 1624 Dardanidis
344 1572 533 1624 Mavorsziam
542 1576 618 1622 terra'
628 1573 701 1626 cedit
710 1574 817 1625 Hibera

126 1639 161 1693 25
170 1640 301 1693 Auriferis
309 1639 420 1692 tandem
430 1638 554 1693 Phoenix
566 1640 693 1707 depulsus
704 1642 741 1709 ab
751 1643 832 1697 arvia·

168 1712 227 1762 Iam
234 1710 329 1778 Mago,
340 1714 439 1762 exutus
448 1711 554 1772 castris,
565 1712 687 1778 agitante
696 1723 798 1777 pavore
885 1714 890 1719 '

169 1779 201 1830 In
210 1778 330 1844 Libyam
339 1792 459 1846 propero
468 1779 587 1829 tramisit
598 1779 707 1831 caerula
715 1779 787 1830 velo.

170 1849 244 1899 Ecce
256 1847 329 1898 aliud
338 1847 430 1910 decus,
442 1844 515 1897 haud
524 1861 579 1898 uno
590 1852 719 1901 contenta
728 1846 835 1911 farore,

124 1922 137 1953 ²
170 1915 299 1967 Nutrlbat
308 1915 430 1967 Fortuna
439 1915 510 1968 duci.
538 1914 607 1967 Nam
618 1917 741 1968 concitus
751 1916 873 1969 Hannon

128 1982 163 2038 3⁰
172 1983 351 2051 adventabat,
362 1999 445 2053 agens
455 1984 651 2053 crepitantibus
662 1986 772 2054 agmina
780 1986 892 2041 caetrin

171 2054 304 2116 Barbara,
314 2053 492 2121 etindigenas
502 2068 579 2105 serus
589 2054 719 2122 raptabat
727 2054 858 2106 Hiberos.
875 2074 881 2081 ·

171 2121 297 2184 Nouam,
309 2127 357 2172 aut
367 2128 442 2173 asmo
451 2122 525 2186 belli,
535 2123 579 2174 rel
588 2122 702 2174 dextera
711 2122 817 2186 deerat,

171 2189 201 2242 Si
209 2206 264 2242 uon
274 2188 416 2257 Scipiadae
428 2196 612 2242 concurreret.
639 2192 737 2249 Omnia
747 2191 848 2243 ductor

171 2260 273 2327 Magna
282 2258 353 2309 adeo
363 2258 495 2317 Ausonius
504 2259 602 2311 maiori
612 2261 684 2312 mole
695 2259 847 2329 premebat

129 2327 164 2382 ab
173 2330 210 2382 Ut
218 2326 329 2379 Phoebe
339 2326 442 2390 stelias,
452 2331 482 2378 ut
491 2327 584 2379 fratris
595 2328 696 2381 lumina
705 2327 836 2382 Phoeben

124 2412 129 2419 ’
170 2398 351 2464 Exsuperant,
362 2402 521 2465 montesque
531 2398 615 2461 Atlas,
624 2397 771 2450 ettiumina
780 2396 873 2460 Nilus,
896 2423 899 2427 ·

104 2504 107 2509 .
171 2467 208 2518 Ut
219 2472 299 2533 pater
311 2465 436 2518 Oceanus
446 2465 584 2532 Neptunia
594 2463 704 2519 caerula
712 2466 805 2518 vincit.

171 2535 325 2589 vallantem
335 2539 426 2601 casua
435 2535 639 2602 (obscuronani
647 2550 746 2603 vesper
755 2532 874 2602 Olympo
890 2541 893 2547 '

170 2602 296 2661 Fundere
315 2616 371 2657 uon
390 2617 506 2674 aequam
523 2605 670 2725 trepidanpi
694 2607 824 2737 cpeperat
844 2616 905 2677 asn-

660 2687 718 2726 ram
862 2697 865 2701 ·

126 2736 163 2790 it)
173 2737 335 2806 Aggreditur
344 2737 441 2793 Latius
451 2746 552 2805 rector,
564 2741 707 2811 subitoque
718 2738 836 2793 tumultu

172 2806 328 2860 Caeduntur
337 2811 438 2877 passim
448 2811 538 2878 coepti
547 2812 694 2865 munimina
703 2809 768 2862 ralii
870 2828 874 2837 ‘
923 2818 926 2823 ’

170 2874 345 2942 Inperfecta.
372 2876 606 2946 Supercontexere
617 2877 731 2930 herbida
741 2877 835 2945 lapsos
916 2876 920 2884 ’

171 2943 299 2996 Pondere
304 2981 315 3008 ,
328 2947 393 2999 etia
403 2948 500 2998 anniculi
510 2948 647 3001 concessit
655 2943 902 3014 cespeshouortn·

122 3054 127 3065 .
170 3013 654 3085 Virunimeusdignavirunosisse
664 3018 786 3070 roboras
858 3065 861 3069 .
926 3018 943 3046 '-
