1906 3308
214 120 463 175 PUNlCORUM
490 123 569 176 [ΑΒ.
600 126 646 177 lv.
760 126 795 179 'le

9 222 14 293 .'
62 240 157 295 l’rlma
171 238 301 307 phalanx}
327 243 483 316 spissaeque
500 249 580 294 ruunt
601 242 725 295 conferta
746 259 795 313 per

36 346 40 357 .
534 326 610 362 arma

64 378 160 429 Undae
169 377 312 429 Boiorum:
331 379 436 429 sociata
445 380 570 429 examina
580 380 693 431 densent

64 444 173 497 lorandi
183 443 319 497 Senoness
340 446 487 515 collisaque
498 447 750 514 quadrupedantum
806 449 855 497 too

64 512 226 565 Pectoribus
235 520 296 564 toto
307 514 451 565 volvuntur
457 506 579 581 'c'orporo
590 531 695 584 cumpo.

65 584 243 644 monetent,
256 582 470 651 altersquerirrlm
482 598 570 644 eruor,
582 584 652 635 altus
664 600 794 651 equorum

65 648 185 701 Lubrica
194 649 340 717 belligerae
351 650 444 701 sorbet
454 652 567 718 vestigia
576 657 690 703 turmae.

65 716 235 769 Semineeum
247 719 329 768 letum
339 720 446 786 peragit
455 720 545 787 gravis
556 719 656 786 ungula
666 721 755 787 pulsu,

64 786 103 837 Et
112 786 329 837 circumvolitans
339 793 444 838 taetros
455 803 472 837 a
483 788 612 855 sauguine
623 803 700 839 rores
804 790 854 838 165

64 852 176 923 spargit
185 852 277 916 humo,
288 856 446 921 miserisque
455 870 505 913 suo
517 856 584 905 lavit
593 870 669 908 armo
679 872 785 909 cruore.

63 921 176 989 Spicula
184 924 279 990 prima,
289 938 366 989 puer,
377 923 481 985 tumidi,
493 921 645 989 Tyrrhene,
656 926 746 977 Pelori

63 990 204 1057 Purpureo
214 991 332 1042 moriens
342 992 466 1044 nletricla
476 992 605 1060 sanguine
615 994 705 1061 tingis.

64 1056 136 1110 Nam
146 1058 209 1121 ubi,
226 1058 289 1109 dum
300 1060 421 1113 stimulas
438 1075 535 1122 eornu,
552 1066 632 1128 atque
647 1063 675 1112 ln
691 1063 793 1128 proelio

533 1137 637 1181 mentes

61 1194 205 1257 nocendis,
215 1210 386 1263 renovasque
393 1198 467 1248 viros
479 1196 513 1248 ad
522 1199 635 1249 vulnera
646 1206 736 1259 canto,
802 1202 853 1248 llo

60 1262 161 1316 Haesit
170 1264 343 1316 barbaricum
354 1264 403 1315 sub
415 1262 512 1316 anhelo
522 1272 631 1334 guterre
643 1269 739 1330 telum3

10 1340 13 1347 '
60 1334 100 1385 Et
112 1332 209 1384 elausit
220 1348 331 1385 reueum
341 1333 415 1385 letali
427 1333 536 1385 vulnere
547 1348 675 1386 murmur.

60 1404 97 1453 nt
107 1416 199 1465 senus,
210 1407 332 1454 extremo
342 1402 482 1454 morientis
493 1401 569 1454 lusus
581 1403 614 1452 ab
627 1417 683 1464 ore,

60 1470 149 1522 Flexa
157 1472 309 1537 pererravit
317 1472 399 1521 mutis
410 1471 464 1521 iam
475 1485 577 1522 cornua
588 1471 677 1522 labris.

60 1540 169 1605 Cryxus
176 1540 324 1602 Picentem,
334 1538 519 1609 Laurumque,
529 1553 579 1589 nee
585 1541 688 1590 eminus
695 1541 788 1599 emb03
801 1542 851 1590 lto

62 1606 117 1659 Sed
127 1607 218 1675 gladio
228 1606 361 1659 Laurum:
380 1607 486 1659 Picenti
496 1607 584 1658 rasilis
595 1606 683 1669 hesta,

62 1676 138 1743 Ripis
149 1675 223 1727 lecta
233 1675 312 1738 Padi,
320 1676 404 1726 letum
416 1676 486 1726 tulit
515 1677 582 1726 Avia
592 1692 707 1745 namque

60 1743 134 1796 Dum
146 1744 228 1809 petit,
240 1759 273 1794 ae
283 1745 361 1796 laevo
372 1744 519 1795 meditatur
530 1744 623 1796 fellere
633 1761 713 1813 gyro,

61 1812 151 1863 Haste
160 1812 210 1863 rlri
220 1811 309 1863 lemur
319 1819 347 1864 et
357 1813 461 1878 pariter
470 1828 520 1879 per
529 1812 626 1864 anhela
636 1814 752 1867 volantis

62 1880 114 1932 llia
122 1880 193 1931 sedit
202 1882 272 1948 equl‚
284 1888 312 1931 et
321 1882 455 1948 geminem
466 1880 656 1933 ‹ledithorridn
666 1889 790 1933 mortem.
805 1885 852 1931 luo

60 1948 146 2010 Idem,
157 1949 305 2016 sanguinea
314 1948 412 2001 Venuli
422 1950 528 2000 cervice
537 1950 678 2011 revellens,

62 2015 166 2068 Sternit
175 2017 354 2083 praeeipitem
364 2016 457 2083 tepido
468 2022 506 2079 te,
518 2017 642 2078 Furfane,
654 2020 709 2070 telo
720 2037 726 2065 ι

62 2084 137 2136 litte
147 2085 197 2136 sub
206 2085 297 2153 gelido
308 2087 454 2148 nutritum,
466 2085 559 2149 Tulle,
571 2086 677 2148 Veline,

59 2152 207 2221 Egregium
212 2154 347 2206 Ausoniae
357 2153 449 2214 decus,
461 2153 673 2204 eememorebile
684 2168 791 2216 nomen,

61 2218 90 2272 Si
100 2220 166 2274 dent
175 2220 235 2273 latu
243 2236 343 2284 moras,
354 2226 403 2273 aut
412 2225 521 2273 servent
530 2220 644 2274 foedere
653 2222 748 2273 Poeni.
800 2223 850 2271 185

61 2289 133 2340 Tum
142 2290 298 2352 Remulum,
315 2296 396 2358 atque
412 2291 476 2341 ollm
491 2291 669 2342 celeberrimo
683 2292 792 2341 nomino

529 2359 600 2411 bello

60 2424 190 2477 Tiburtes
200 2426 317 2545 Maffios,
326 2426 559 2496 Hispellatemque
569 2430 734 2489 Metaurum,

50 2493 254 2616 iggeclloaimst
264 2566 360 2635 Tyriis
369 2567 440 2621 belli
448 2585 609 2642 pugnaere,
617 2567 673 2622 seu
680 2578 800 2617 omnem

19 2688 25 2699 .
45 2628 307 2702 celtleusimplerit
318 2656 457 2712 eampum
465 2641 567 2697 lutor:
585 2633 758 2696 irritanulll
842 2622 900 2670 Q

267 2496 331 2547 ubin
340 2495 489 2549 meditatus
498 2497 612 2567 euso'ule
621 2497 731 2548 vulnus.
