1906 3308
10 39 55 145 Τ
196 110 651 168 remuneraretur.
747 118 797 167 sn

65 234 247 297 Marruvium,
257 234 356 284 veteris
368 231 533 283 celebratum
544 233 652 282 nomine
663 232 757 298 Marri,

65 304 182 356 Urbibus
194 302 297 353 est'illis
309 309 404 368 caput,
415 303 580 367 interiorque
593 316 641 366 per
650 303 720 352 udos

29 378 34 383 '
65 374 134 426 Alba
143 371 222 422 sedet
231 384 356 436 eampos,
367 371 507 435 pomisque
517 369 641 436 rependit
652 372 758 422 aristas.

66 442 167 492 Cetera
176 440 205 488 in
215 437 329 488 obscuro
340 437 444 499 faniae,
456 444 484 487 et
495 439 552 488 sine
563 440 686 501 nomine,
697 440 770 509 vulgi
807 441 857 492 510

66 506 123 559 Sed
132 521 244 557 numero
255 505 367 557 castella
376 505 479 557 valent=
492 506 663 573 coniungitur
674 522 738 559 aeer

65 576 208 643 PQ,
218 575 307 643 gelido
328 590 362 624 ue
373 576 446 640 rapit
455 572 582 625 Sulmone
593 573 730 629 cohortes.
856 576 893 598 κ

66 643 126 699 Νοο
136 644 208 696 cedit
216 643 306 695 studio
327 642 453 693 *idicinus
464 644 593 710 sanguine
603 645 690 707 miles,

66 713 154 775 Quem
163 726 282 781 genuere
294 710 380 762 Cales.
393 710 453 762 Non
465 726 564 777 parvus
577 712 703 764 eonditor
712 714 772 767 urbi

63 783 114 846 (Ut
128 781 203 834 fama
221 783 277 845 est>
298 779 400 842 Calais,
422 780 531 832 Boreae
550 796 629 847 quem
648 789 729 850 rapta
741 799 791 853 per
806 783 856 836 515

535 861 616 902 auras

63 915 192 984 Orithyia
201 931 271 984 rago
283 914 386 968 Getieis
396 915 509 966 nutrivit
518 916 547 966 in
556 919 649 970 antris.

61 987 146 1040 Haud
156 986 211 1037 ullo
222 986 308 1036 levior
316 984 393 1036 bellis
405 985 518 1036 Vestina
527 986 652 1038 iuventus

61 1057 177 1124 Agmina
188 1054 330 1116 densarit,
343 1060 443 1104 venatu
453 1054 522 1104 dura
531 1053 664 1106 ferarum:

23 1122 28 1137 '
64 1126 155 1186 Quae,
165 1123 294 1187 Fiscello,
305 1128 367 1173 tuas
379 1136 465 1185 arses,
476 1123 643 1193 Pinnamque
654 1127 796 1187 virentem,

61 1193 223 1259 Pascuaque
234 1191 306 1243 haud
317 1191 396 1242 tarde
405 1192 548 1243 redeuntia
557 1196 654 1246 tondet
663 1196 785 1261 Avellae3
806 1196 857 1246 52⁰

16 1262 20 1269 '
61 1263 221 1316 Marrucina
229 1261 308 1312 simul
317 1261 460 1313 Frentanis
472 1261 578 1313 aemula
589 1264 674 1330 pubes

64 1331 167 1382 Corfini
178 1329 308 1396 pupulos,
321 1344 501 1410 magnumque
513 1332 601 1383 Teate
612 1331 747 1384 trahebat.

63 1399 195 1450 Omnibus
205 1400 232 1448 in
243 1413 334 1465 pugna
344 1397 430 1449 fertur
441 1412 553 1465 sparus,
566 1402 689 1452 omnibus
700 1401 756 1452 alto

62 1469 194 1522 assuetae
204 1466 343 1518 volucrem
353 1467 430 1518 caelu
441 1469 584 1523 demittere
595 1468 703 1522 fundae.

62 1536 184 1588 l'eetora
192 1535 269 1602 pellis
279 1535 336 1586 obit
346 1538 420 1587 eaesi
429 1538 571 1588 venatibus
581 1540 646 1590 ursi.
805 1539 854 1590 525

56 1606 122 1656 lam
132 1618 212 1664 veru,
226 1619 293 1670 quus
303 1605 378 1655 dives
389 1620 483 1670 upum,
496 1621 564 1673 quos
576 1607 650 1658 dives
661 1621 772 1660 avorum

64 1673 88 1725 E
99 1678 159 1723 toto
170 1672 253 1723 daltat
264 1673 298 1723 ad
308 1673 409 1723 bellum
419 1675 568 1741 Campania
576 1681 677 1739 tractu,

63 1741 217 1794 Dueterum
229 1741 346 1793 adventu
356 1742 451 1793 vicinis
463 1744 572 1795 sedibus
584 1744 649 1796 Osci

24 1806 29 1817 “
64 1808 229 1872 Semabant;
241 1809 370 1862 Sinuessa
380 1815 484 1878 tepens,
496 1810 768 1880 fluctuquasnnorum

63 1877 241 1939 Vulturnum,
253 1878 373 1945 quasque
385 1886 508 1931 evertere
518 1880 639 1945 silentia}
651 1884 789 1951 Amyclae,
804 1882 855 1934 530

62 1945 219 2012 Fundique,
228 1952 257 1996 et
267 1955 385 2014 regnata
393 1946 481 1997 Lamo
493 1951 601 2013 Caieta,
613 1951 762 2019 domusque

61 2012 225 2079 Antiphatae
238 2027 395 2077 compressa
403 2013 489 2075 freto,
501 2020 656 2086 stagnisque
666 2020 786 2086 palustre

61 2083 220 2142 Liternum,
231 2086 258 2132 et
270 2080 406 2148 quondam
417 2080 536 2132 latorum
547 2077 659 2139 conseia
669 2089 769 2156 cyme:

62 2152 122 2206 lllic
133 2151 265 2212 Nuceria,
277 2155 305 2200 et
316 2149 424 2201 Gaurus
434 2151 574 2204 navalibus
585 2165 656 2218 aeta,
765 2198 767 2202 .

62 2221 145 2275 Prole
155 2217 321 2284 Diearehea3
332 2218 418 2269 multo
428 2234 488 2270 eum
498 2221 582 2274 milite
595 2223 682 2276 Graia
804 2222 854 2276 535

63 2291 122 2344 lllic
131 2287 321 2356 Parthenope,
334 2303 366 2339 ae
377 2288 470 2347 Poena
480 2293 538 2341 nnn'
546 2294 640 2358 pervia
650 2291 727 2354 Nola,

61 2359 176 2421 Allifae,
188 2364 216 2410 et
227 2359 319 2410 Clanio
331 2364 487 2411 contentae
497 2375 604 2427 semper
614 2362 745 2412 Acerras:

63 2427 196 2480 Sarrastis
206 2429 287 2479 etiam
299 2427 413 2494 populos
422 2433 550 2496 totasque
560 2429 668 2480 rideres

29 2527 35 2533 -
63 2496 143 2548 Sami
154 2497 225 2547 mitis
237 2500 316 2563 opes:
325 2497 393 2559 illie,
405 2512 473 2564 quos
485 2496 589 2550 sulfure
598 2499 722 2567 pingues

63 2563 207 2632 Phlegraei
217 2564 308 2633 legere
318 2566 557 2635 sinus‚Misenus,
568 2574 600 2622 et
609 2568 722 2623 ardena
827 2559 891 2609 ’ὦ

59 2633 597 2710 θτοςίμοίοοιοοοιιώοοοιὶιβοὶὶς
850 2646 853 2651 ’
