1906 3308
94 470 102 493 ,-.
151 440 206 496 28⁰
353 439 384 496 G
410 438 516 496 Sibil
542 438 707 501 lunblcl

151 561 291 616 hiantum
306 555 371 616 bine
391 560 543 632 greglbus,
562 566 709 682 nemasq‘pe
733 559 771 617 nd
790 564 891 623 innan

623 638 669 684 tue
689 647 720 684 us

152 698 246 753 Passis
255 698 413 771 virginibus,
422 700 574 769 turbaeque
584 700 612 751 iu
621 700 712 751 limine
722 699 793 755 lucis

152 770 204 822 Est
214 771 267 822 iter
276 771 438 834 exstinctae,
449 776 479 822 et
487 772 581 838 vagitu
589 770 671 820 ianua
680 776 756 821 nutu.
791 802 795 810 ·
831 780 858 821 m.

93 837 144 891 550
155 840 236 902 Tum,
247 839 361 891 seducta
370 834 444 902 luco,
455 845 483 890 et
493 837 586 889 laxata
595 837 686 889 lucida
694 843 788 903 noem,
952 865 953 868 ¹

154 906 279 971 Claustra
288 908 384 971 nitent,
395 922 464 975 quae
473 908 574 959 secreti
583 921 633 974 per
642 904 734 960 limitis
743 906 875 965 umbram
952 915 953 956 i

151 978 263 1044 Elysios
274 977 377 1028 ducunt
387 991 507 1042 campos.
536 976 590 1027 Hie
600 976 682 1027 turba
690 977 810 1043 piorum,
824 1012 829 1017 -

151 1044 210 1098 Nec
222 1044 320 1114 Stygio
331 1046 359 1097 iu
370 1059 464 1112 reguo,
475 1044 547 1097 coeli
554 1059 605 1096 nee
615 1050 697 1113 posta
706 1045 755 1099 sub
767 1059 837 1099 axes
863 1102 866 1107 ,

151 1115 264 1178 Verum,
275 1114 348 1166 ultra
358 1114 588 1165 Oceanum-sacro
600 1114 862 1185 conterminafouti,

91 1179 141 1234 555
152 1181 292 1235 Lethaeos
302 1188 382 1249 potat
391 1182 498 1245 latices,
508 1182 608 1234 obliuia
617 1184 725 1235 mentis.

150 1254 282 1305 Extrema
291 1250 363 1315 hine,
375 1266 441 1303 auno
452 1250 567 1319 fulgens,
578 1252 634 1301 ium
643 1251 711 1303 lueis
721 1249 859 1321 honorem

152 1320 250 1382 Sentit,
262 1326 290 1372 et
300 1319 411 1371 admoto
422 1319 546 1386 splendet
557 1334 607 1370 eeu
617 1320 712 1372 sidere·
717 1319 809 1374 lunae.

105 1420 109 1433 ι
150 1389 213 1440 Huc
224 1390 329 1440 animae
340 1388 446 1439 coelum
455 1392 596 1454 repetunt;
615 1403 661 1453 ac,
672 1389 744 1440 mille
755 1394 889 1458 peractis,

152 1458 260 1508 Oblitae
270 1456 364 1507 Ditem
376 1457 490 1508 redeunt
500 1456 528 1506 in
539 1470 665 1522 corpora,
675 1457 776 1511 lustris.
944 1500 947 1505 .

91 1523 142 1578 560
152 1526 211 1579 Has
221 1526 322 1593 passim
332 1527 439 1594 nigrum
448 1525 570 1593 pandens
579 1526 656 1578 Mers
667 1526 868 1583 inmunitatum

149 1595 228 1664 Itque
238 1595 363 1664 reditque
372 1595 440 1659 nias,
450 1600 482 1647 et
489 1595 576 1663 portis
589 1595 713 1647 omnibus
724 1603 808 1649 errat.

97 1680 101 1687 ’
151 1665 223 1717 Tum
232 1665 306 1717 iacet
316 1667 345 1716 in
353 1666 471 1733 spatium
481 1667 539 1716 sine
551 1677 667 1732 corpure
678 1665 758 1733 pigra
771 1680 887 1737 vorago,

150 1733 310 1802 Limonique
320 1734 409 1786 heus:
419 1735 474 1796 iate
485 1733 684 1787 exundantibus
692 1734 749 1786 umt

150 1802 234 1870 Ripae
243 1817 341 1855 saevus
353 1804 429 1871 uquis
435 1801 615 1870 Phlegethon,
626 1808 663 1865 et,
673 1802 887 1859 turbiueanliei'u

89 1869 141 1924 565
151 1873 335 1924 Flammarum
344 1886 484 1935 resonans,
495 1886 596 1925 saxosa
605 1872 732 1923 incendia
741 1878 865 1944 torquet.

71 1948 73 1957 ¹
149 1940 234 1993 Parte
244 1940 298 1993 ulia
307 1945 415 1993 torrens
426 1942 546 2008 cocytus
554 1941 691 2008 sanguinis
702 1941 756 1991 atri
891 1978 895 1983 .

177 2010 309 2062 ortieibus
318 2008 393 2073 iun't,
404 2015 433 2062 et
441 2011 581 2075 spumanti·
586 2025 638 2077 gur
658 2010 694 2061 'te
704 2008 802 2064 fertur.

172 2084 193 2141 t,
201 2080 308 2146 magius
317 2093 425 2145 semper
435 2078 512 2129 Divis
522 2080 633 2146 regique
672 2092 768 2143 eopmu
817 2064 836 2095 ''
869 2116 873 2123 .

149 2148 237 2199 iuraui
249 2147 359 2215 dignata
368 2146 455 2213 palus,
467 2146 535 2213 picis
545 2144 657 2198 horrida
669 2148 738 2210 rivo,
837 2175 855 2217 ,ι

89 2214 142 2269 510
151 2215 319 2269 Fumiferum
328 2215 412 2267 volvit
423 2213 494 2281 Styx
502 2217 574 2268 inter
583 2215 688 2268 sulfura
699 2214 826 2269 limum?

150 2282 323 2337 Tuistinnbis
332 2280 458 2336 Acheron
469 2286 545 2337 sanie
555 2299 702 2355 crassoque
713 2299 819 2339 venenu
853 2286 866 2299 “

148 2356 273 2419 Aestuat,
284 2359 330 2419 et,
337 2353 454 2423 gelidam
465 2360 592 2409 eructans
604 2371 666 2409 eum
675 2368 814 2425 murmure
823 2368 885 2409 m·

619 2440 682 2479 uam
813 2478 816 2483 .

148 2490 300 2543 Descendit
308 2491 483 2560 nigraIentus
492 2508 543 2561 per
552 2500 650 2562 stagna
659 2462 768 2559 pa'iuue.

149 2561 231 2612 Hanc
240 2566 320 2629 putat
331 2561 433 2611 saniem
442 2576 497 2614 uun
507 2577 562 2614 uno
574 2560 707 2614 Cerberus
717 2575 775 2613 ure.

48 2673 59 2685 .
88 2627 140 2682 stt
149 2629 229 2682 Haec
251 2634 279 2682 et
295 2626 459 2696 Tisiphones
479 2634 543 2680 sunt
561 2630 674 2697 pocula,
695 2636 725 2684 et
740 2632 807 2683 'atla
823 2628 883 2687 ΜΦ

639 2713 705 2751 aera
830 2708 848 2727 ·“

147 2766 221 2817 Hine
230 2766 296 2830 sitit,
306 2780 339 2818 uc
350 2765 423 2820 nullo
434 2764 524 2818 rabies
535 2714 712 2834 restinguitur
721 2764 831 2821 haustu.
856 2770 859 2775 '

147 2836 262 2888 Ultimus
272 2839 392 2904 erumpit
398 2836 572 2887 lacrimarum
581 2834 701 2888 fontibus
713 2838 801 2891 amnis

112 2906 115 2911 '
131 2904 208 2957 Ante
217 2905 320 2975 auiam,
330 2913 415 2979 atque
426 2905 528 2970 aditus,
540 2910 570 2957 et
578 2904 747 2959 inexusabiie
755 2904 849 2957 umen.

17 3032 24 3039 ..
123 2973 861 3054 Quanucobon,ommutubulautepuanunuum
