1906 3308
161 504 212 559 ²9²
328 501 708 558 >ule111Tlllrlcl
750 504 753 511 '

161 623 293 677 Latratus
305 621 380 675 lama
390 628 433 675 eat
441 623 493 687 (ric
503 627 565 674 arta
574 622 720 673 Intervenit
728 622 816 688 uada)

160 694 199 745 Et
209 694 357 745 matutinos
368 693 508 744 volucrum
517 690 703 742 transmittere
714 691 839 744 cantoe.'

160 762 250 814 Multa
261 762 425 814 solorirtne.
452 761 511 812 lam
520 759 636 811 reddere
645 758 742 825 foenus
752 761 865 826 aratris,

160 832 218 883 lam
229 831 471 882 monterumbrare
481 828 627 892 elendune
637 829 748 879 nomina
756 829 884 896 Bacelro,

117 899 153 952 ²5
164 899 397 967 cornipedemque
408 899 492 950 eitum
502 898 576 949 lituis
585 912 732 965 gernemue
743 897 878 963 ferendis,

159 968 281 1020 Nectare
292 968 438 1035 Cecropiae
447 966 574 1032 Hyblaeo
586 965 719 1018 accedere
729 980 818 1031 cerae.

159 1033 735 1098 llieetPaeonioaarcanoaulirrrafontea,
807 1058 810 1063 ·

158 1106 214 1157 Hie
223 1103 337 1157 Phoebo
348 1104 431 1173 digna
439 1110 468 1155 et
477 1103 564 1155 idueie
574 1102 741 1155 venerabere
749 1109 847 1158 vatum

160 1174 218 1225 Ora
228 1174 417 1235 excellentem,
427 1185 520 1224 sacrae
530 1172 575 1239 qui
587 1173 707 1223 carmine
717 1172 809 1237 ailo-ae,

97 1240 151 1312 ’βο
163 1244 269 1309 Quique
280 1239 428 1308 Syracosia
435 1247 566 1292 resonant
575 1241 711 1292 Helicona
721 1243 853 1308 camena.
876 1274 882 1283 ·

80 1316 84 1337 ⁸
159 1311 289 1365 Promtae
300 1324 367 1378 gerra
376 1309 499 1379 linguae:
510 1314 554 1361 aet
565 1309 675 1372 eadem,
685 1324 749 1363 eum
757 1309 832 1365 bolla
841 1312 898 1368 cie·

630 1384 683 1441 reb

159 1448 260 1500 Por-tua
271 1447 503 1515 aequoreieaueta
512 1447 641 1515 insignire
651 1449 782 1516 tropaei).

158 1517 228 1571 Puat
252 1516 340 1569 dirum
359 1513 523 1583 Antiphatae
548 1522 687 1584 sceptrum
711 1522 741 1568 et
760 1516 897 1591 Cyclopia

628 1600 659 1637 re
696 1600 722 1649 a,
791 1622 794 1629 -

158 1655 278 1709 vomere
289 1659 430 1706 vertemnt
439 1655 555 1721 primurn
565 1669 637 1706 nora
646 1602 711 1705 rga
721 1652 821 1711 Sicani.

117 1721 151 1776 ei
160 1725 269 1791 Pyrene
278 1725 352 1776 misit
362 1724 487 1790 populor,
498 1724 545 1791 qui
554 1738 653 1775 nornen
663 1724 699 1775 ab
709 1738 789 1777 amne

158 1790 378 1860 Arcitumpatrn'o
388 1799 480 1844 terrae
490 1794 644 1859 imposuere
655 1793 772 1845 vacanti.

156 1862 225 1914 Mox
235 1861 368 1929 Ligurum
377 1860 471 1928 pubes,
485 1859 576 1913 Siculo
587 1862 712 1925 ductore,
720 1863 834 1916 novarit

157 1930 296 1982 Poaaeasia
306 1929 378 1981 bello
389 1935 497 1981 mutata
506 1930 640 1982 vocabula
649 1932 747 1999 regnis.

157 1998 216 2051 Nec
228 2001 294 2051 crea
305 1996 434 2051 dedecori
444 1998 496 2051 luit
507 1999 610 2063 accola,
621 2000 740 2051 duxerat·
747 2004 826 2052 actor

114 2067 150 2119 4⁰
161 2067 306 2121 Moenibus
317 2083 333 2119 c
345 2073 454 2119 centurn
464 2082 519 2120 non
530 2067 621 2120 leuata
631 2069 666 2120 ad
675 2068 781 2134 proella
789 2070 894 2136 Minoa,

155 2136 324 2189 Daedaleam
344 2142 475 2204 repetena
492 2151 640 2256 poenam.f
655 2138 708 2257 Qpi
726 2137 823 2204 fraude
843 2154 894 2195 ae·

415 2212 421 2222 '
638 2221 709 2258 ana

156 2273 307 2341 Postquam
316 2278 462 2341 perpetuae
471 2272 555 2326 iudex
569 2276 705 2328 concessit
720 2276 756 2331 ad
769 2277 894 2347 umbrae,

156 2343 312 2395 Cocalidum
322 2343 434 2407 meldim,
445 2342 518 2395 leaeo
528 2344 633 2397 Minoia
643 2345 724 2398 turba

103 2413 106 2419 '
155 2412 279 2464 Bellandi
287 2412 377 2465 studio
386 2411 485 2464 Siculis
496 2413 618 2466 subaudit
626 2416 653 2465 in
664 2415 729 2467 orie.
903 2448 909 2457 -

111 2481 146 2534 45
156 2483 326 2534 Miscuerunt
336 2480 485 2550 Phrygiam
501 2483 605 2550 prolem
617 2485 753 2537 Troianae
765 2487 890 2550 Aroma,

154 2551 889 2621 Troianusqrrellelymua‚ntructirqui,pubesecuta,

153 2620 184 2671 ln
196 2621 306 2686 longum
317 2635 351 2672 ex
362 2636 422 2673 serre
432 2621 569 2673 donarunt
578 2623 689 2673 nomina
698 2624 790 2674 muria.
856 2625 859 2629 '
931 2676 935 2685 ,

153 2689 212 2741 Nec
223 2690 360 2741 Zanclaea
369 2695 468 2757 gerunt
477 2689 620 2742 obscuram
631 2693 739 2743 moenia
748 2691 859 2757 famam,

153 2760 277 2812 Dextera
287 2774 367 2826 quarn
377 2759 471 2810 tribuit
481 2760 572 2825 ponito
583 2757 711 2811 Saturnia
720 2760 785 2813 telo.

108 2828 142 2880 bo
154 2827 209 2880 Sed
218 2828 302 2879 decue
313 2829 450 2879 Hennaeis
462 2825 534 2878 baud
543 2828 625 2879 ullum
636 2827 774 2895 pulebrlua
783 2832 850 2895 oria,
885 2866 888 2871 -

152 2899 240 2960 Quam
251 2911 320 2964 quae
329 2894 459 2964 Sisyphio
468 2895 594 2949 firndavit
607 2912 706 2949 nomen
720 2899 755 2950 ab
769 2897 886 2966 latbmo,

135 2967 306 3022 Etmultarn
317 2972 383 3022 ante
394 2967 463 3022 aliar
473 2963 628 3035 lllpbyraeia
635 2966 852 3035 irrlgetalumnia.
888 3028 893 3037 ,

31 3072 35 3079 -
123 3035 793 3114 fflcAretlruaaruampiacoruionleneeepane
