1906 3308
186 105 438 161 PUNICORUM
463 107 546 160 LlB.
568 109 643 163 XIV.
727 70 788 162 'eet

61 227 213 280 Comminus
226 233 253 277 et
263 229 352 294 gladio
363 231 504 280 terrestria
516 230 618 295 proelia
628 230 750 279 miscent

13 349 17 357 ,
60 297 241 361 Perrumpunt
253 298 322 357 Itali,
335 313 388 363 qua
399 299 496 348 caedes
507 300 593 362 prima
604 299 723 360 reclusit,

59 365 276 431 Monstravitque
288 367 372 415 viam:
385 372 476 416 vastas
487 372 514 415 et
525 367 595 415 mole
608 372 719 417 catenas

61 433 196 484 Hortatur
205 436 294 485 socios
306 439 333 485 et
342 434 431 483 vincla
441 434 600 498 abrumpere
611 433 687 496 ferri,

61 503 99 552 Ac
109 507 189 567 parat
200 499 291 552 hostili
303 503 423 552 resoluta
433 516 521 567 puppe
533 507 661 568 receptos
707 560 711 566 .
798 501 849 551 525
906 542 909 547 .

61 568 191 633 tinchere,
200 576 232 622 ,et
241 571 351 635 paribus
361 570 458 636 pelago
471 562 598 619 diducere
610 570 643 620 ab
656 570 747 621 armis.

60 639 182 688 Aetnaeo
191 636 373 703 Polyphemus
385 644 445 688 erat
454 639 570 687 nutritus
579 639 607 686 in
618 643 711 702 antro;
791 667 795 673 ·

60 707 146 772 Atque
157 707 219 757 inde
231 708 356 772 antiquae
367 721 465 756 nomen
474 705 590 756 feritatis
601 706 718 758 artabat.

60 774 150 824 Ubera
160 775 323 841 praebuerat
332 790 416 840 perro
427 774 504 839 lupar
515 775 636 839 corporis
649 774 698 826 alti
773 836 774 840 Ἰ

33 845 34 848 ’
61 843 203 893 Terribilis
213 842 696 908 moles,niensaspera‚vultusinira
799 841 849 893 53⁰

62 907 183 984 Sqmper,
194 916 222 960 et
233 910 267 960 ad
279 910 376 960 caedes
388 911 518 976 Cyclopia
529 911 611 960 corde
622 912 715 963 libido.

61 979 141 1046 Isque
151 979 279 1028 relaxatis
292 979 473 1028 membrorum
483 979 603 1044 pondere
613 980 712 1033 vinclis*

60 1047 207 1113 Impulerat
218 1046 335 1113 puppim,
348 1053 375 1096 et
386 1046 525 1113 mergebat
535 1048 640 1113 gurgite
651 1053 755 1111 tonsas,

60 1115 245 1181 Duxissetque
257 1121 352 1175 ratem,
363 1130 457 1180 pressa
469 1115 603 1164 Laronius
613 1113 694 1167 hasta

60 1183 96 1234 Ni
106 1198 222 1249 propere
233 1184 300 1233 duro
312 1185 441 1233 nitentem
451 1197 597 1249 exsurgere
608 1185 689 1234 velox
750 1236 752 1241 ,
798 1182 849 1236 535

60 1253 297 1304 Affixettranstro.
323 1251 377 1302 Vix
386 1257 473 1300 morte
484 1253 594 1318 incepta
602 1253 724 1308 remittit.

10 1341 14 1346 ·
60 1319 183 1388 Namque
198 1334 293 1370 manus
309 1323 401 1370 servat
415 1318 479 1368 dum
492 1324 585 1369 suetos
598 1319 727 1388 languida
740 1318 788 1372 du·
860 1330 863 1335 ·

34 1403 38 1406 ’
527 1392 597 1448 ctus,

60 1456 190 1523 Ignarum
200 1468 305 1505 summa
315 1454 519 1521 attraxit'super
531 1468 650 1521 aequora
659 1470 771 1508 remum.

60 1524 182 1577 Perculsi
194 1538 278 1573 cuneo
292 1523 377 1573 Poeni
387 1523 533 1573 densantur
543 1524 569 1572 in
580 1539 671 1586 unum,
790 1526 793 1535 ’

62 1592 143 1657 Quod
152 1598 228 1646 carot
239 1590 331 1659 boste,
346 1591 431 1642 latus:
446 1591 535 1643 subito
548 1607 608 1641 cum
619 1593 739 1660 pondere
749 1593 788 1647 vi·

481 1681 488 1691 ⁴
529 1667 588 1712 etus
795 1661 848 1712 540
937 1674 939 1681 ·

59 1728 196 1783 insiliente
205 1729 282 1791 rnan’,
296 1727 477 1796 submergitur
487 1728 578 1794 alvens
588 1729 676 1780 undis.

59 1797 145 1850 Scuta
152 1800 247 1859 virum,
261 1800 421 1865 cristaeque,
434 1804 461 1849 et
471 1800 553 1849 inerti
564 1799 668 1865 spicula
678 1797 762 1865 ferre,

59 1867 230 1934 Tutelaeque
240 1868 327 1918 Dedm
341 1867 457 1918 fluitant.
485 1864 539 1918 Hic
551 1869 650 1918 robore
660 1867 751 1920 fracto

57 1934 165 2002 Pugnat
175 1937 253 2000 inops
265 1935 395 2000 chalybis,
407 1951 520 2003 seseque
529 1938 557 1986 in
568 1937 672 2003 proelia
681 1951 775 1990 rursus

57 2005 152 2057 Armet
161 2003 408 2069 naufragiorremis
420 2005 490 2054 male
501 2004 619 2055 fervidus
630 2005 674 2057 ille
734 2002 738 2011 ’
796 2005 848 2058 545
912 2017 920 2022 ’

56 2073 180 2124 Festinat
190 2071 306 2135 spoliare
317 2077 411 2133 ratem,
423 2068 575 2122 discrimine
586 2073 657 2122 nullo
785 2071 786 2074 ’

56 2139 207 2191 Nautarum
217 2139 352 2189 interdum
365 2139 493 2190 convulsa
503 2140 598 2190 sedilia
607 2146 746 2207 torquens.
759 2163 762 2167 ·

56 2209 233 2278 Nonpleotrc
245 2209 326 2271 ratis,
348 2214 395 2259 aut
404 2207 551 2281 fragendae
566 2209 594 2259 in
604 2209 715 2261 vulnera
725 2225 802 2277 pro-s

466 2299 467 2302 ¹
505 2291 573 2327 rae

56 2344 191 2408 Parcitur,
202 2350 231 2397 et
240 2344 335 2414 pelago
346 2350 506 2414 repetuntur
516 2346 609 2396 nantia
618 2346 683 2396 tela.
723 2391 725 2395 ,

56 2413 219 2478 Vulneribus
230 2416 328 2481 patulis
338 2417 422 2466 intrat
432 2429 515 2465 mare.
544 2415 767 2481 Moxsuaponto
795 2416 845 2469 550

58 2480 226 2550 singultante
237 2485 325 2534 anima
336 2484 463 2550 propulsa
473 2482 625 2533 refunditur
636 2485 716 2535 unda.

57 2549 116 2610 Nec
126 2552 232 2616 desunt,
243 2555 286 2618 qui
298 2560 439 2621 correptos
450 2552 617 2618 amplexibus
628 2555 694 2604 artis

57 2619 332 2699 ¹lutrrrcrgautpelogo,
344 2616 784 2734 et,iaculiscemandbpp,qhostem
855 2622 875 2664 Γ
913 2598 915 2603 ¹
931 2616 934 2620 ¹
