1906 3308
220 36 225 43 Ι
919 29 948 413 ΙΙ

732 426 736 435 ι

185 520 236 573 sao
382 482 824 595 cumularetur.
906 518 911 525 ·

184 638 243 692 Nec
253 637 352 690 denum
364 636 487 689 deforme
497 639 557 689 viro
566 637 713 706 fragrantis
723 642 855 706 amemlg-
945 660 948 669 ·

184 707 330 770 smidaha,
342 708 386 774 qui
396 714 514 758 vestrum
524 722 606 758 saevo
617 710 687 757 nuuc
698 709 790 761 Marte
801 711 901 779 fatigat
945 706 948 735 ²

182 777 341 844 Imperium,
353 790 482 842 superare
492 790 588 838 manu,
598 776 757 844 laurumque
768 780 915 845 superbam

123 845 175 894 12⁰
185 847 216 895 ln
225 846 328 911 gremio
340 844 411 894 lovis
421 845 520 895 excisis
531 845 667 911 deponere
679 845 789 899 Poenis.
893 902 901 914 x
946 902 948 915 Ι

185 914 261 974 Quae
272 918 416 979 postquam
423 912 525 963 cecinit
535 918 642 962 secrato
656 918 772 977 pectore
783 914 890 979 Virtus,
946 924 948 929 ’

182 981 321 1047 Exemplis
330 980 430 1030 laetum
440 980 568 1046 vultuque
579 980 672 1030 audita
682 981 849 1046 probantem

183 1050 322 1100 Convertit
330 1050 462 1098 iuvenem.
481 1045 535 1098 Sed
547 1049 617 1098 enim
627 1048 769 1115 indignata
779 1050 914 1119 Voluptas

181 1116 242 1168 Nou
252 1117 340 1167 tenuit
350 1130 441 1166 voces.
469 1114 513 1166 Nil
523 1131 572 1165 vos
581 1112 635 1167 iam
644 1114 774 1167 demoror
782 1118 868 1182 ultra,

121 1184 172 1237 125
183 1185 335 1237 Exclamat.
362 1184 911 1303 Venient,venientmpatemporaquou·

667 1267 720 1316 am,
803 1272 808 1277 ·
903 1264 928 1290 θ’.

180 1323 247 1373 Cum
257 1321 353 1374 docilis
363 1324 572 1392 nostrisroagno
584 1323 733 1374 certamine
742 1321 845 1375 Roma.
919 1368 922 1373 .

179 1391 286 1442 serviet
295 1393 423 1458 imperiis,
438 1398 467 1442 et
476 1392 562 1443 honos
573 1389 639 1441 mihi
648 1389 793 1441 habebitur
803 1393 862 1444 uni.
940 1396 943 1403 '

179 1458 225 1510 Sic
237 1474 370 1526 quassans
379 1468 462 1525 caput
470 1463 498 1510 in
509 1460 593 1510 nubes
604 1474 634 1510 se
645 1459 753 1509 sustulit
763 1466 850 1513 atras.

178 1530 213 1578 At
222 1528 334 1589 iuvenis,
346 1528 440 1594 plenus
450 1529 567 1589 monitis,
578 1528 700 1594 ingentio
712 1527 796 1580 corde
864 1564 868 1575 .

119 1597 171 1650 130
181 1595 303 1658 Molitus,
313 1597 457 1662 iussaeque
469 1596 539 1646 calet
548 1597 656 1646 virtutis
667 1609 768 1647 amore.
810 1657 815 1661 ,
837 1623 843 1629 -

178 1665 270 1715 Ardua
279 1670 371 1716 rostra
381 1666 458 1731 petit,
465 1665 541 1731 ¹nullo
552 1664 612 1715 fera
620 1662 691 1714 bella
700 1664 820 1728 volente,
850 1718 853 1723 ,
926 1694 930 1703 ·

178 1734 216 1785 Et
225 1735 319 1800 gravia
330 1735 455 1800 ancipitis
466 1734 590 1800 deposcit
599 1747 711 1782 munera
721 1733 828 1784 Martis.

177 1802 282 1853 Arrecti
296 1807 454 1853 cunctorum
465 1803 554 1852 animi.
581 1800 649 1852 Pars
661 1801 761 1851 lumina
771 1801 866 1867 patris,

179 1870 247 1921 Pars
259 1871 374 1921 creduut
382 1876 475 1920 torvos
487 1869 576 1936 patrui
587 1870 753 1919 revirescere
765 1869 864 1927 vultus.

119 1936 169 1991 13⁵
181 1936 236 1990 Sed
247 1952 399 2007 quanquam
408 1939 542 1992 instinctis
553 1938 653 1989 tacitus
664 1943 756 2055 trpmen
767 1951 852 2005 aegra
861 1947 911 2005 po·

644 2007 684 2058 ric
694 2007 717 2057 is

176 2075 296 2128 Pectora
306 2075 427 2143 subrepit
436 2081 535 2138 terror,
545 2073 839 2142 molemqueparentos

69 2190 72 2197 .
176 2144 342 2210 Expcudunt
350 2144 428 2205 belli,
447 2150 475 2195 et
483 2149 609 2195 numerat
619 2143 697 2193 lavor
708 2143 803 2192 anxius
814 2152 911 2191 annos

177 2212 303 2279 Dumque
314 2227 348 2263 ea
358 2211 472 2262 confuso
484 2217 628 2279 percenset
639 2225 776 2261 murmuro
784 2206 891 2278 uulgum,
932 2270 937 2280 Ι

176 2280 260 2341 Eece,
270 2293 321 2345 per
331 2279 467 2346 obliquum
479 2279 548 2330 coeli
559 2278 743 2345 squalentibus
754 2292 821 2329 auro

116 2347 169 2399 14⁰
178 2348 317 2415 Effulgens
328 2347 449 2409 maculis,
461 2347 526 2401 ferri
536 2348 609 2398 inter
618 2348 709 2397 nubila
718 2348 792 2398 visus

177 2418 287 2484 Anguis,
298 2421 326 2467 et
337 2415 442 2466 ardenti
454 2416 561 2467 radiare
572 2431 620 2482 per
630 2431 694 2466 aera
704 2415 790 2476 sulco,

177 2486 291 2551 Quaque
302 2485 337 2534 ad
348 2484 469 2536 caeliferi
479 2485 566 2535 tendit
576 2484 656 2553 plaga
665 2484 728 2534 litus
739 2482 864 2543 Atlantis,

140 2564 142 2571 '
174 2553 285 2607 Perlabi
296 2558 441 2604 resonante
452 2553 524 2618 polo.
552 2553 600 2602 Bis
610 2560 706 2618 terque
717 2564 861 2613 coruscum

175 2622 285 2674 Addidit
296 2623 407 2687 augurio
418 2620 519 2671 fulmen
529 2626 616 2686 pater,
626 2626 654 2670 et
664 2633 733 2686 vagu
743 2618 800 2668 late

115 2688 166 2744 145
177 2691 231 2742 Per
241 2688 359 2740 subitum
370 2695 445 2739 moto
457 2694 597 2754 strepuere
609 2689 729 2738 tonitrus
738 2683 848 2735 mundo.
942 2748 944 2753 Ι

174 2759 248 2811 Tum
256 2772 322 2811 vero
334 2770 433 2825 capere
444 2771 520 2809 arma
534 2756 641 2818 iubent,
657 2755 824 2822 genibusque
835 2750 907 2805 salu·

643 2828 702 2873 tant

174 2890 305 2946 Submissi
315 2896 466 2962 augur-luni,
478 2909 510 2945 ac
520 2894 581 2955 iret,
592 2907 645 2959 qua
656 2892 755 2942 ducere
766 2889 852 2957 Divos

172 2962 358 3028 Perspicuum,
371 2970 399 3014 et
408 2964 497 3030 patrie
509 2966 672 3012 monstraret
682 2960 779 3009 semite
790 2958 876 3026 signo.

173 3030 303 3086 Certatim
315 3033 430 3083 comites
437 3046 529 3083 rerum
536 3029 655 3096 bellique
664 3027 801 3079 minimos
