1906 3308
20 40 48 123 p.

202 111 455 169 Punicorum
483 112 565 166 [ΑΒ.
587 113 648 168 Vll.
744 118 795 169 157

59 239 150 302 Quem
158 234 260 287 tulerat
270 238 359 284 mater
371 232 444 283 claro
454 231 605 286 Phoenissa
614 234 729 289 Laconi.

58 307 141 360 Talia
151 305 214 357 dum
223 305 334 363 metuit,
345 317 396 352 neo
407 317 514 369 pugnae
526 305 590 354 fisus
602 305 629 353 in
639 303 718 356 hoste

11 426 16 443 ⁴.
58 378 134 431 'l'anl
141 373 251 440 rapido,
262 385 313 422 neo
323 370 420 421 deinde
432 370 513 439 fugae
520 407 529 435 ,
540 373 672 425 suadente
683 387 794 441 pavore,

11 450 14 515 l
58 445 116 498 Per
125 443 221 495 dumos
233 441 316 493 unser
325 439 455 505 ipricina
465 443 607 492 cacumina
617 457 733 509 quereus

60 514 209 580 Repe-erat,
222 517 303 578 atque
315 508 372 559 alta
381 522 441 561 sese
453 509 611 562 occultabat
619 511 648 561 in
656 510 753 563 umbra
805 510 856 562 om

60 579 368 649 Hampsicus‚insistens
378 578 500 629 tremulis
511 578 560 630 sub
571 579 692 646 pondere
703 581 795 632 ramis.

46 653 49 657 '
61 650 145 702 lluno
153 648 247 716 longa,
257 646 344 698 multa
355 652 491 710 orantem,
504 649 656 711 carmelus,
667 653 696 707 et
705 649 777 702 altos

61 718 214 771 Mutautem
226 717 298 770 saltu
308 731 414 780 ramos,
425 717 629 769 transverberat
638 715 728 769 hasta.

13 848 16 855 ¹
34 834 39 843 ,
62 789 108 851 Ut,
121 789 167 857 qui
176 788 295 839 viscatos
307 786 454 854 populatur
463 786 594 838 arundine
604 787 692 852 lucos,

13 876 16 921 i
59 856 263 911 Dum'nemoris
274 856 338 906 celsi
351 868 467 921 procera
478 857 621 909 cacumina
630 856 732 909 senum
805 855 856 908 6¹15

13 924 36 985 l-
60 925 225 978 Substrueta
235 929 324 976 certat
333 924 433 975 tacitus
445 925 692 992 contingeremeta,
759 958 764 966 -

11 1000 15 1053 i
59 995 210 1049 Sublimem
221 995 326 1045 calamo
338 995 460 1061 sequitur
471 999 612 1047 crescente
621 993 768 1047 volucrem.
779 1002 783 1007 ’

10 1064 13 1105 l
60 1063 168 1119 Effudit
176 1064 274 1126 vitam,
285 1068 367 1130 atque
379 1063 433 1121 alte
444 1066 572 1121 manante
584 1077 681 1116 eruore

59 1130 189 1195 Mennbra‘
197 1129 384 1200 pependerunt
395 1137 507 1185 eurrato
519 1133 668 1201 exsanguia
678 1145 764 1185 ramo.
838 1182 840 1187 .

57 1203 172 1270 lamque
181 1202 209 1252 in
218 1201 343 1267 palantes
354 1215 386 1252 ac
396 1216 490 1253 versos
501 1207 581 1270 terga
590 1202 698 1255 feroces
806 1202 857 1255 680

58 1270 224 1340 Pugnabant
232 1269 308 1332 Itali,
318 1269 423 1321 subitus
435 1285 496 1321 curn
505 1271 577 1322 mole
586 1271 712 1339 pavenda

61 1340 203 1393 Territiois
212 1339 324 1391 Maurus
336 1341 489 1405 prorumpit
500 1340 612 1414 Tunger
620 1343 649 1392 in
660 1342 750 1393 amris.

60 1409 149 1477 Nigra
157 1409 216 1460 uiro
226 1408 361 1472 membra,
372 1412 400 1459 et
410 1407 481 1459 lumi
490 1408 555 1482 iuga
565 1410 639 1462 celsa
647 1408 794 1463 trahebant

59 1477 241 1543 Compedes,
251 1482 380 1545 totusque
391 1491 477 1530 novae
487 1476 638 1531 formidinis
649 1486 708 1533 arte

60 1545 198 1617 Concolor
207 1547 344 1615 aequabat
352 1547 463 1599 liventia
472 1562 568 1599 currus
578 1562 711 1618 equorum
806 1548 857 1602 685

60 1617 167 1684 Tergn3
178 1629 230 1667 nee
240 1617 340 1669 erectis
351 1617 451 1669 similes
462 1618 604 1683 imponere
616 1617 706 1668 cristis

59 1686 189 1739 Cesserat
198 1698 315 1752 pennas,
328 1691 440 1754 aterque
450 1686 563 1755 tegebat
573 1685 697 1738 amictus.

60 1755 117 1806 Ceu
129 1753 265 1821 quendem
274 1761 403 1808 aeternae
413 1757 545 1825 regnator
554 1757 656 1819 noetis,
667 1753 783 1810 adimes

57 1824 128 1875 (lum
138 1821 247 1892 fugeret
257 1821 405 1888 thalamos,
416 1826 550 1876 Hennaea
559 1825 662 1892 virgine
673 1832 754 1894 rapta

58 1892 125 1959 Egit
136 1893 289 1960 nigrantem
300 1890 398 1958 Stygia
408 1893 523 1957 ealigine
534 1907 652 1945 currum.
690 1946 694 1955 ,
806 1896 858 1952 690

58 1962 95 2012 At
106 1961 188 2019 Cato,
199 1965 259 2009 tum
268 1959 474 2024 prlmaspersus
484 1959 610 2028 lanuffine
620 1963 717 2027 males,

61 2025 143 2089 Quod
153 2038 287 2091 peperere
296 2023 382 2076 ‚decus
392 2026 506 2079 Circaeo
516 2029 638 2082 'l'useula
647 2030 730 2085 dorso

10 2107 14 2126 >
58 2092 702 2165 Moenia‚11aertaequondamregnatanepoti,

62 2166 223 2230 Quanquam
233 2161 358 2218 tardatos
368 2163 479 2216 turbata
489 2163 580 2216 fronte
589 2164 705 2218 Latinos

61 2233 210 2301 collegisse
218 2231 333 2300 gallum
342 2231 640 2299 videt‚imperter1itus
650 2237 709 2302 ipse
806 2238 856 2292 695

59 2304 176 2358 Ferrato
187 2301 262 2354 ealce
273 2306 354 2368 atque
367 2301 554 2370 effusalnrgus
563 2301 671 2355 habena
711 2358 724 2370 ,-

62 2375 240 2425 Cunctantem
249 2370 408 2438 impellebat
418 2387 525 2441 equum.
544 2372 735 2442 Negatobm'us
745 2374 796 2438 ire,
874 2384 877 2390 “

59 2443 97 2495 Et
106 2442 227 2511 trepidat
237 2455 316 2493 oassa
326 2444 436 2510 sonipes
448 2444 593 2494 exterritus
603 2442 708 2494 umbra.

61 2512 146 2574 Tum,
157 2511 230 2564 celer
239 2511 268 2562 in
276 2526 394 2580 pugnam
405 2511 487 2564 dorso
499 2512 604 2564 delatus
614 2512 647 2564 ab
660 2513 715 2564 alto

59 2580 199 2647 alipedem
209 2580 302 2647 planta
313 2596 422 2634 currum
433 2583 549 2652 premit,
558 2587 645 2653 atque
652 2581 767 2637 volana
812 2582 875 2631 'iffi

53 2648 270 2721 amenego.
291 2651 425 2711 ceeldere
438 2660 468 2712 et
477 2654 688 2728 inrumpente.
