1906 3308
97 279 105 290 '¹
181 266 712 409 ι55111555ιᾴ551551111(
788 304 857 385 cet

102 439 278 510 sceptrigero
290 454 352 491 cum
360 452 426 506 rege
436 437 497 507 pari
508 436 558 505 sub
568 434 814 507 honoreresidunt
848 442 898 495 245

103 513 176 562 Tum
187 512 263 576 prior
271 506 313 559 his
322 504 383 559 infit
393 513 484 559 terrae
494 511 610 575 pacator
620 507 757 562 Hiberae:
803 554 806 561 .

102 580 196 633 Prima
206 576 280 641 mihi,
291 576 400 629 domitis
411 575 534 643 Pyrenes
545 575 679 643 gentibus,
688 578 729 629 ire

103 648 144 701 Ad
154 653 203 698 tua
214 662 299 715 regna
308 645 360 697 fuit
369 649 563 713 properantem
571 649 602 699 et
612 647 731 710 maxima
742 661 816 710 cura,

103 718 132 769 0·
144 717 247 784 sceptri
262 714 417 775 venerande
432 711 556 783 Syphax.
587 711 648 780 Nec
661 713 706 768 me
719 712 839 787 aequore

576 796 675 836 saevus

102 853 236 906 Tardavit
245 851 335 906 medio
346 856 456 920 pontus.
482 849 545 904 Non
554 851 641 903 ardua
651 853 743 921 regnis
847 854 898 907 2511

103 924 274 985 Quaesumus
285 928 333 974 aut
340 920 476 974 inhonora
481 917 555 973 tuis:
566 922 700 989 coniunge
711 921 819 975 Latinis

92 993 263 1044 ·Unenimum
272 995 378 1059 pectus,
390 991 535 1058 sociusque
547 989 648 1042 aceede
659 991 794 1044 secundis

101 1061 164 1114 Non
174 1061 223 1111 tibi
232 1060 371 1127 Massylae
379 1064 486 1128 gentes,
497 1065 663 1128 extentaque
673 1061 753 1112 tellus
834 1100 837 1105 .

101 1129 238 1197 Syrtibus,
249 1135 278 1180 et
288 1129 351 1180 latis
362 1128 487 1195 proavita
496 1130 621 1196 potentia
632 1131 736 1198 campis

99 1200 221 1266 Amplius
233 1198 374 1249 attulerint
383 1196 500 1260 decoris,
512 1212 593 1266 quam
604 1198 720 1249 Romula
731 1199 817 1252 virtus
845 1199 896 1252 255
923 1204 929 1209 ”

65 1278 68 1284 ’
101 1269 184 1323 Certa
193 1268 287 1318 iuncta
296 1266 360 1331 fide,
372 1272 401 1318 et
408 1266 505 1334 populi
512 1266 659 1318 Laurentis
670 1265 798 1321 honores.

101 1338 200 1405 Cetera
211 1336 274 1405 quid
285 1335 421 1388 referami
431 1335 456 1387 N
458 1351 493 1387 on
503 1336 572 1388 ullus
582 1336 688 1388 scilicet
698 1336 745 1388 uui

100 1407 208 1472 Aequus
219 1404 395 1469 Coelicolum,
407 1407 452 1473 qui
461 1405 593 1457 Dardana
602 1405 714 1458 laeserit
724 1419 807 1458 arma.

99 1475 209 1526 Audiuit
218 1474 292 1525 laeto
300 1473 440 1538 Massylus
453 1479 481 1525 et
492 1475 586 1525 annuit
596 1488 655 1538 ore,

100 1542 317 1610 complexusque
328 1542 424 1605 virum,
435 1543 585 1594 Firmemus
597 1557 737 1609 prospera,
748 1541 826 1613 unit,
844 1544 895 1598 265

100 1611 208 1674 Omina,
217 1624 269 1662 nec
280 1611 351 1662 rotis
364 1608 464 1678 Superi
473 1611 654 1663 concordibus
666 1612 764 1676 obsint,
876 1664 879 1669 ,

99 1682 331 1751 cornigerumque
347 1680 442 1734 Iovem
462 1681 665 1751 Tarpeiumque
686 1695 734 1734 ore
753 1676 833 1736 voca·

112 1752 118 1764 '
572 1764 651 1800 musr

97 1819 136 1872 Et
146 1816 225 1869 simui
235 1818 381 1871 exstructis
393 1831 488 1886 cespes
499 1821 657 1869 surrexerat
666 1818 735 1882 aris3
796 1857 797 1860 ,

96 1888 271 1955 victimaque
283 1886 513 1943 admotaestabot
522 1887 647 1940 subiecta
655 1887 775 1955 bipenni,

66 1958 167 2009 .Cum
177 1957 266 2008 subito
278 1957 400 2025 abruptis
411 1957 517 2024 fugiens
529 1956 626 2008 altaria
635 1962 731 2010 taurus
784 1961 785 1964 ’
844 1956 894 2010 265

97 2025 216 2078 Exsiluit
226 2027 331 2091 vinclis,
341 2027 499 2099 mugituque
509 2027 601 2079 excite
611 2026 667 2078 late

96 2095 223 2162 lmplevit
234 2101 317 2160 tecta,
330 2101 367 2160 et,
378 2095 487 2147 fremitu
499 2096 616 2164 suspiria
626 2108 712 2146 rauco

61 2195 63 2199 .
98 2165 307 2232 Congeminans,
317 2164 425 2233 trepida
435 2171 569 2216 terrorem
579 2164 679 2232 sparsit
689 2165 717 2214 in
728 2163 799 2220 aulo.

98 2233 239 2301 vittaque,
250 2234 386 2285 maiorum
396 2234 569 2296 decoramen,
581 2233 671 2285 fronte
683 2234 741 2297 siue
750 2234 805 2288 ullo

96 2300 220 2368 Delapsa
230 2307 345 2365 attactu,
355 2302 469 2353 nudavit
479 2307 604 2369 tempora
613 2300 725 2371 regis.'
842 2307 892 2357 225

96 2370 179 2422 Talia
188 2371 343 2423 coelicolae
355 2372 553 2429 casurotristin
563 2386 648 2440 regno
793 2425 796 2431 ,

97 2437 303 2507 signensem,
313 2441 442 2508 saevique
453 2440 567 2491 aderant
577 2439 832 2508 grauiaominaiati.

96 2509 152 2560 Hic
161 2508 279 2561 fractum
289 2509 361 2562 bollo
373 2524 466 2578 regem
477 2510 601 2576 solioque
610 2509 756 2572 revulsum,
829 2554 835 2568 ,
857 2517 859 2521 ’

95 2579 219 2647 Tenr'pus
238 2579 305 2644 erit,
325 2594 387 2632 cum
407 2579 489 2637 ducet
510 2593 594 2648 ageos
609 2577 761 2697 agsoempla
775 2580 831 2634 To-

352 2704 354 2709 y
569 2661 622 2697 nan
659 2683 668 2709 ,

96 2716 151 2778 Qui
160 2720 226 2768 tunc
237 2714 582 2787 orabatsocialiafoedera
590 2715 714 2783 supplex.
841 2721 891 2773 275

95 2785 149 2838 liis
160 2787 229 2836 actis
238 2787 339 2852 repetit
349 2792 467 2854 portum,
477 2802 532 2855 pup
553 2800 636 2852 osque
646 2783 767 2840 secundo

95 2802 734 2931 1111555510,5555555511511551515151555.δ
755 2851 763 2881 ·’
814 2862 820 2877 ’
