<?xml version="1.0" encoding="UTF-8"?>
<!DOCTYPE html PUBLIC "-//W3C//DTD XHTML 1.0 Transitional//EN"
    "http://www.w3.org/TR/xhtml1/DTD/xhtml1-transitional.dtd">
<html xmlns="http://www.w3.org/1999/xhtml" xml:lang="en" lang="en">
 <head>
  <title>
</title>
<meta http-equiv="Content-Type" content="text/html;charset=utf-8" />
  <meta name='ocr-system' content='tesseract 3.04.00' />
  <meta name='ocr-capabilities' content='ocr_page ocr_carea ocr_par ocr_line ocrx_word'/>
</head>
<body>
  <div class='ocr_page' id='page_1' title='image "./caiisiliiitalic01italgoog_0076.png"; bbox 0 0 1906 3308; ppageno 0'>
   <div class='ocr_carea' id='block_1_1' title="bbox 113 117 794 199">
    <p class='ocr_par' dir='ltr' id='par_1_1' title="bbox 113 117 794 199">
     <span class='ocr_line' id='line_1_1' title="bbox 113 117 794 199; baseline 0.009 -6"><span class='ocrx_word' id='word_1_1' title='bbox 113 117 119 127; x_wconf 85' lang='lat'><em>&#39;</em></span> <span class='ocrx_word' id='word_1_2' title='bbox 208 140 642 195; x_wconf 70' lang='lat' dir='ltr'>commodissimam.</span> <span class='ocrx_word' id='word_1_3' title='bbox 761 148 794 199; x_wconf 80' lang='lat' dir='ltr'>oa</span> 
     </span>
    </p>
   </div>
   <div class='ocr_carea' id='block_1_2' title="bbox 29 261 855 2642">
    <p class='ocr_par' dir='ltr' id='par_1_2' title="bbox 29 261 855 2642">
     <span class='ocr_line' id='line_1_2' title="bbox 58 261 652 325; baseline -0.005 -9"><span class='ocrx_word' id='word_1_4' title='bbox 58 264 187 317; x_wconf 82' lang='lat' dir='ltr'>Sumeret</span> <span class='ocrx_word' id='word_1_5' title='bbox 196 261 286 313; x_wconf 80' lang='lat' dir='ltr'>aurissi</span> <span class='ocrx_word' id='word_1_6' title='bbox 298 261 562 325; x_wconf 78' lang='lat' dir='ltr'>uuurerosapiacula</span> <span class='ocrx_word' id='word_1_7' title='bbox 571 264 652 313; x_wconf 74' lang='lat' dir='ltr'>risus.</span> 
     </span>
     <span class='ocr_line' id='line_1_3' title="bbox 57 327 853 397; baseline -0.003 -12"><span class='ocrx_word' id='word_1_8' title='bbox 57 336 132 385; x_wconf 78' lang='lat' dir='ltr'>Ecce</span> <span class='ocrx_word' id='word_1_9' title='bbox 144 336 236 383; x_wconf 84' lang='lat' dir='ltr'>autem</span> <span class='ocrx_word' id='word_1_10' title='bbox 246 329 343 381; x_wconf 83' lang='lat' dir='ltr'>Patres</span> <span class='ocrx_word' id='word_1_11' title='bbox 352 328 466 379; x_wconf 86' lang='lat' dir='ltr'>oderant</span> <span class='ocrx_word' id='word_1_12' title='bbox 477 327 640 397; x_wconf 83' lang='lat' dir='ltr'>carthagine</span> <span class='ocrx_word' id='word_1_13' title='bbox 650 334 732 395; x_wconf 86' lang='lat' dir='ltr'>missi,</span> <span class='ocrx_word' id='word_1_14' title='bbox 804 332 853 383; x_wconf 70' lang='lat'>765</span> 
     </span>
     <span class='ocr_line' id='line_1_4' title="bbox 58 396 763 462; baseline -0.001 -10"><span class='ocrx_word' id='word_1_15' title='bbox 58 400 230 461; x_wconf 74' lang='lat' dir='ltr'>(causariae</span> <span class='ocrx_word' id='word_1_16' title='bbox 241 412 294 448; x_wconf 85' lang='lat' dir='ltr'>non</span> <span class='ocrx_word' id='word_1_17' title='bbox 306 410 390 462; x_wconf 84' lang='lat' dir='ltr'>parve</span> <span class='ocrx_word' id='word_1_18' title='bbox 400 396 476 459; x_wconf 83' lang='lat' dir='ltr'>viris)</span> <span class='ocrx_word' id='word_1_19' title='bbox 486 411 537 449; x_wconf 89' lang='lat' dir='ltr'>nec</span> <span class='ocrx_word' id='word_1_20' title='bbox 547 397 620 449; x_wconf 85' lang='lat' dir='ltr'>laete</span> <span class='ocrx_word' id='word_1_21' title='bbox 630 397 763 453; x_wconf 80' lang='lat' dir='ltr'>ferebant.</span> 
     </span>
     <span class='ocr_line' id='line_1_5' title="bbox 57 465 771 532; baseline 0.001 -12"><span class='ocrx_word' id='word_1_22' title='bbox 57 466 183 521; x_wconf 75' lang='lat' dir='ltr'>Mos-fuit</span> <span class='ocrx_word' id='word_1_23' title='bbox 191 468 220 519; x_wconf 83' lang='lat' dir='ltr'>ia</span> <span class='ocrx_word' id='word_1_24' title='bbox 230 465 350 531; x_wconf 88' lang='lat' dir='ltr'>populis,</span> <span class='ocrx_word' id='word_1_25' title='bbox 361 479 429 530; x_wconf 86' lang='lat' dir='ltr'>quos</span> <span class='ocrx_word' id='word_1_26' title='bbox 440 465 561 517; x_wconf 86' lang='lat' dir='ltr'>condidit</span> <span class='ocrx_word' id='word_1_27' title='bbox 571 467 676 520; x_wconf 65' lang='lat' dir='ltr'>muana</span> <span class='ocrx_word' id='word_1_28' title='bbox 687 470 771 532; x_wconf 88' lang='lat' dir='ltr'>Dido,</span> 
     </span>
     <span class='ocr_line' id='line_1_6' title="bbox 59 532 785 602; baseline 0.006 -14"><span class='ocrx_word' id='word_1_29' title='bbox 59 538 179 589; x_wconf 86' lang='lat' dir='ltr'>Poscere</span> <span class='ocrx_word' id='word_1_30' title='bbox 190 534 275 587; x_wconf 81' lang='lat' dir='ltr'>coede</span> <span class='ocrx_word' id='word_1_31' title='bbox 286 533 361 585; x_wconf 88' lang='lat' dir='ltr'>Deos</span> <span class='ocrx_word' id='word_1_32' title='bbox 371 534 487 594; x_wconf 84' lang='lat' dir='ltr'>veniam,</span> <span class='ocrx_word' id='word_1_33' title='bbox 500 547 533 585; x_wconf 84' lang='lat' dir='ltr'>ac</span> <span class='ocrx_word' id='word_1_34' title='bbox 543 532 722 602; x_wconf 78' lang='lat' dir='ltr'>flagrantibus</span> <span class='ocrx_word' id='word_1_35' title='bbox 731 540 785 591; x_wconf 82' lang='lat' dir='ltr'>aris</span> 
     </span>
     <span class='ocr_line' id='line_1_7' title="bbox 59 601 686 669; baseline 0.003 -13"><span class='ocrx_word' id='word_1_36' title='bbox 59 603 215 666; x_wconf 81' lang='lat' dir='ltr'>(infandum</span> <span class='ocrx_word' id='word_1_37' title='bbox 225 601 686 669; x_wconf 67' lang='lat' dir='ltr'>dictuiiparvosimponereaatos.</span> 
     </span>
     <span class='ocr_line' id='line_1_8' title="bbox 29 669 852 735; baseline 0 -11"><span class='ocrx_word' id='word_1_38' title='bbox 29 700 36 708; x_wconf 93' lang='lat'>·</span> <span class='ocrx_word' id='word_1_39' title='bbox 61 675 135 729; x_wconf 83' lang='lat' dir='ltr'>Urna</span> <span class='ocrx_word' id='word_1_40' title='bbox 143 671 294 725; x_wconf 86' lang='lat' dir='ltr'>reducebat</span> <span class='ocrx_word' id='word_1_41' title='bbox 304 669 472 721; x_wconf 87' lang='lat' dir='ltr'>miserandos</span> <span class='ocrx_word' id='word_1_42' title='bbox 484 683 573 722; x_wconf 81' lang='lat' dir='ltr'>annua</span> <span class='ocrx_word' id='word_1_43' title='bbox 584 686 679 735; x_wconf 86' lang='lat' dir='ltr'>casus,</span> <span class='ocrx_word' id='word_1_44' title='bbox 802 677 852 726; x_wconf 73' lang='lat' dir='ltr'>iio</span> 
     </span>
     <span class='ocr_line' id='line_1_9' title="bbox 59 738 688 804; baseline -0.003 -11"><span class='ocrx_word' id='word_1_45' title='bbox 59 740 145 793; x_wconf 84' lang='lat' dir='ltr'>Sacra</span> <span class='ocrx_word' id='word_1_46' title='bbox 154 739 315 791; x_wconf 82' lang='lat' dir='ltr'>Thoanteae</span> <span class='ocrx_word' id='word_1_47' title='bbox 324 738 446 804; x_wconf 84' lang='lat' dir='ltr'>ritusque</span> <span class='ocrx_word' id='word_1_48' title='bbox 455 739 563 791; x_wconf 86' lang='lat' dir='ltr'>imitata</span> <span class='ocrx_word' id='word_1_49' title='bbox 572 739 688 793; x_wconf 85' lang='lat' dir='ltr'>Dianae.</span> 
     </span>
     <span class='ocr_line' id='line_1_10' title="bbox 58 806 663 874; baseline 0 -13"><span class='ocrx_word' id='word_1_50' title='bbox 58 812 108 861; x_wconf 81' lang='lat' dir='ltr'>Cui</span> <span class='ocrx_word' id='word_1_51' title='bbox 117 808 178 860; x_wconf 75' lang='lat' dir='ltr'>fato</span> <span class='ocrx_word' id='word_1_52' title='bbox 188 809 309 873; x_wconf 77' lang='lat' dir='ltr'>sortique</span> <span class='ocrx_word' id='word_1_53' title='bbox 319 806 408 859; x_wconf 73' lang='lat' dir='ltr'>Derim</span> <span class='ocrx_word' id='word_1_54' title='bbox 419 807 454 858; x_wconf 89' lang='lat' dir='ltr'>de</span> <span class='ocrx_word' id='word_1_55' title='bbox 463 822 540 859; x_wconf 87' lang='lat' dir='ltr'>more</span> <span class='ocrx_word' id='word_1_56' title='bbox 550 809 663 874; x_wconf 91' lang='lat' dir='ltr'>petebat</span> 
     </span>
     <span class='ocr_line' id='line_1_11' title="bbox 55 875 746 942; baseline -0.004 -13"><span class='ocrx_word' id='word_1_57' title='bbox 55 878 218 931; x_wconf 71' lang='lat' dir='ltr'><strong>Hannibalis</strong></span> <span class='ocrx_word' id='word_1_58' title='bbox 229 875 333 942; x_wconf 86' lang='lat' dir='ltr'>prolem</span> <span class='ocrx_word' id='word_1_59' title='bbox 344 875 449 925; x_wconf 76' lang='lat' dir='ltr'><strong>discors</strong></span> <span class='ocrx_word' id='word_1_60' title='bbox 461 877 609 941; x_wconf 87' lang='lat' dir='ltr'>antiquitus</span> <span class='ocrx_word' id='word_1_61' title='bbox 619 878 746 930; x_wconf 74' lang='lat' dir='ltr'>limace.</span> 
     </span>
     <span class='ocr_line' id='line_1_12' title="bbox 56 942 685 1013; baseline -0.003 -14"><span class='ocrx_word' id='word_1_62' title='bbox 56 946 113 999; x_wconf 87' lang='lat' dir='ltr'>Sed</span> <span class='ocrx_word' id='word_1_63' title='bbox 123 947 239 1013; x_wconf 77' lang='lat' dir='ltr'>propior</span> <span class='ocrx_word' id='word_1_64' title='bbox 249 950 338 995; x_wconf 88' lang='lat' dir='ltr'>metus</span> <span class='ocrx_word' id='word_1_65' title='bbox 349 943 447 995; x_wconf 84' lang='lat' dir='ltr'>armati</span> <span class='ocrx_word' id='word_1_66' title='bbox 457 942 579 995; x_wconf 85' lang='lat' dir='ltr'>ductoris</span> <span class='ocrx_word' id='word_1_67' title='bbox 589 945 623 996; x_wconf 88' lang='lat' dir='ltr'>ab</span> <span class='ocrx_word' id='word_1_68' title='bbox 634 947 685 1008; x_wconf 87' lang='lat' dir='ltr'>ire,</span> 
     </span>
     <span class='ocr_line' id='line_1_13' title="bbox 54 1011 855 1083; baseline -0.005 -15"><span class='ocrx_word' id='word_1_69' title='bbox 54 1016 93 1068; x_wconf 79' lang='lat' dir='ltr'>Et</span> <span class='ocrx_word' id='word_1_70' title='bbox 102 1029 202 1083; x_wconf 77' lang='lat' dir='ltr'>magua</span> <span class='ocrx_word' id='word_1_71' title='bbox 212 1018 276 1065; x_wconf 82' lang='lat' dir='ltr'>ante</span> <span class='ocrx_word' id='word_1_72' title='bbox 287 1011 382 1063; x_wconf 87' lang='lat' dir='ltr'>oculos</span> <span class='ocrx_word' id='word_1_73' title='bbox 393 1011 486 1062; x_wconf 84' lang='lat' dir='ltr'>stabat</span> <span class='ocrx_word' id='word_1_74' title='bbox 495 1014 626 1079; x_wconf 77' lang='lat' dir='ltr'><strong>genitoris</strong></span> <span class='ocrx_word' id='word_1_75' title='bbox 636 1015 736 1081; x_wconf 80' lang='lat' dir='ltr'>imago.</span> <span class='ocrx_word' id='word_1_76' title='bbox 802 1015 855 1064; x_wconf 74' lang='lat' dir='ltr'>tro</span> 
     </span>
     <span class='ocr_line' id='line_1_14' title="bbox 53 1079 776 1151; baseline -0.006 -14"><span class='ocrx_word' id='word_1_77' title='bbox 53 1086 173 1151; x_wconf 81' lang='lat' dir='ltr'>Asperat</span> <span class='ocrx_word' id='word_1_78' title='bbox 181 1079 250 1131; x_wconf 85' lang='lat' dir='ltr'>haec</span> <span class='ocrx_word' id='word_1_79' title='bbox 261 1079 374 1149; x_wconf 79' lang='lat' dir='ltr'>foedata</span> <span class='ocrx_word' id='word_1_80' title='bbox 383 1095 481 1148; x_wconf 81' lang='lat' dir='ltr'>genas,</span> <span class='ocrx_word' id='word_1_81' title='bbox 492 1081 666 1149; x_wconf 78' lang='lat' dir='ltr'>lacerataque</span> <span class='ocrx_word' id='word_1_82' title='bbox 679 1083 776 1144; x_wconf 89' lang='lat' dir='ltr'>crines,</span> 
     </span>
     <span class='ocr_line' id='line_1_15' title="bbox 53 1148 751 1220; baseline -0.004 -16"><span class='ocrx_word' id='word_1_83' title='bbox 53 1156 143 1220; x_wconf 77' lang='lat' dir='ltr'>Atque</span> <span class='ocrx_word' id='word_1_84' title='bbox 153 1149 249 1201; x_wconf 88' lang='lat' dir='ltr'>urbem</span> <span class='ocrx_word' id='word_1_85' title='bbox 261 1148 380 1215; x_wconf 81' lang='lat' dir='ltr'>complet</span> <span class='ocrx_word' id='word_1_86' title='bbox 389 1150 488 1201; x_wconf 86' lang='lat' dir='ltr'>maesti</span> <span class='ocrx_word' id='word_1_87' title='bbox 499 1150 640 1213; x_wconf 84' lang='lat' dir='ltr'>clamoris,</span> <span class='ocrx_word' id='word_1_88' title='bbox 652 1150 751 1202; x_wconf 83' lang='lat' dir='ltr'>Imilce.</span> 
     </span>
     <span class='ocr_line' id='line_1_16' title="bbox 54 1218 672 1285; baseline -0.003 -13"><span class='ocrx_word' id='word_1_89' title='bbox 54 1221 160 1273; x_wconf 75' lang='lat' dir='ltr'>lidonis</span> <span class='ocrx_word' id='word_1_90' title='bbox 170 1224 201 1270; x_wconf 89' lang='lat' dir='ltr'>ut</span> <span class='ocrx_word' id='word_1_91' title='bbox 211 1218 341 1285; x_wconf 78' lang='lat' dir='ltr'>Pangaea</span> <span class='ocrx_word' id='word_1_92' title='bbox 352 1232 434 1283; x_wconf 91' lang='lat' dir='ltr'>super</span> <span class='ocrx_word' id='word_1_93' title='bbox 445 1220 586 1270; x_wconf 78' lang='lat' dir='ltr'>trieteride</span> <span class='ocrx_word' id='word_1_94' title='bbox 596 1226 672 1270; x_wconf 86' lang='lat' dir='ltr'>mota</span> 
     </span>
     <span class='ocr_line' id='line_1_17' title="bbox 54 1286 769 1355; baseline -0.008 -13"><span class='ocrx_word' id='word_1_95' title='bbox 54 1290 80 1343; x_wconf 87' lang='lat' dir='ltr'>lt</span> <span class='ocrx_word' id='word_1_96' title='bbox 89 1291 170 1355; x_wconf 86' lang='lat' dir='ltr'>iuga,</span> <span class='ocrx_word' id='word_1_97' title='bbox 184 1293 212 1338; x_wconf 93' lang='lat' dir='ltr'>et</span> <span class='ocrx_word' id='word_1_98' title='bbox 222 1287 354 1337; x_wconf 87' lang='lat' dir='ltr'>inclusum</span> <span class='ocrx_word' id='word_1_99' title='bbox 367 1287 488 1350; x_wconf 78' lang='lat' dir='ltr'>suspirat</span> <span class='ocrx_word' id='word_1_100' title='bbox 498 1294 610 1352; x_wconf 77' lang='lat' dir='ltr'>pectore</span> <span class='ocrx_word' id='word_1_101' title='bbox 621 1286 769 1339; x_wconf 79' lang='lat' dir='ltr'>Bacchum.</span> 
     </span>
     <span class='ocr_line' id='line_1_18' title="bbox 54 1353 851 1425; baseline -0.008 -16"><span class='ocrx_word' id='word_1_102' title='bbox 54 1360 131 1425; x_wconf 75' lang='lat' dir='ltr'>Ergo</span> <span class='ocrx_word' id='word_1_103' title='bbox 142 1357 215 1406; x_wconf 89' lang='lat' dir='ltr'>inter</span> <span class='ocrx_word' id='word_1_104' title='bbox 225 1356 341 1420; x_wconf 85' lang='lat' dir='ltr'>Tyrias,</span> <span class='ocrx_word' id='word_1_105' title='bbox 352 1353 457 1406; x_wconf 79' lang='lat' dir='ltr'>facibus</span> <span class='ocrx_word' id='word_1_106' title='bbox 469 1370 520 1405; x_wconf 91' lang='lat' dir='ltr'>ceu</span> <span class='ocrx_word' id='word_1_107' title='bbox 530 1355 651 1415; x_wconf 88' lang='lat' dir='ltr'>subdita,</span> <span class='ocrx_word' id='word_1_108' title='bbox 663 1361 766 1405; x_wconf 89' lang='lat' dir='ltr'>matres</span> <span class='ocrx_word' id='word_1_109' title='bbox 801 1355 851 1405; x_wconf 74' lang='lat' dir='ltr'>&#39;iso</span> 
     </span>
     <span class='ocr_line' id='line_1_19' title="bbox 33 1422 778 1490; baseline -0.007 -13"><span class='ocrx_word' id='word_1_110' title='bbox 33 1424 36 1429; x_wconf 79' lang='lat'>&#39;</span> <span class='ocrx_word' id='word_1_111' title='bbox 55 1426 178 1485; x_wconf 79' lang='lat' dir='ltr'>Clamat,</span> <span class='ocrx_word' id='word_1_112' title='bbox 190 1424 219 1473; x_wconf 85' lang='lat' dir='ltr'>io</span> <span class='ocrx_word' id='word_1_113' title='bbox 231 1424 344 1485; x_wconf 86' lang='lat' dir='ltr'>coniux,</span> <span class='ocrx_word' id='word_1_114' title='bbox 355 1437 516 1490; x_wconf 86' lang='lat' dir='ltr'>quocunque</span> <span class='ocrx_word' id='word_1_115' title='bbox 526 1424 553 1473; x_wconf 91' lang='lat' dir='ltr'>in</span> <span class='ocrx_word' id='word_1_116' title='bbox 566 1423 676 1473; x_wconf 84' lang='lat' dir='ltr'>cardine</span> <span class='ocrx_word' id='word_1_117' title='bbox 686 1422 778 1473; x_wconf 91' lang='lat' dir='ltr'>mundi</span> 
     </span>
     <span class='ocr_line' id='line_1_20' title="bbox 54 1489 784 1559; baseline -0.008 -13"><span class='ocrx_word' id='word_1_118' title='bbox 54 1494 134 1546; x_wconf 82' lang='lat' dir='ltr'>Bella</span> <span class='ocrx_word' id='word_1_119' title='bbox 144 1506 251 1554; x_wconf 85' lang='lat' dir='ltr'>moves,</span> <span class='ocrx_word' id='word_1_120' title='bbox 261 1490 315 1543; x_wconf 86' lang='lat' dir='ltr'>huc</span> <span class='ocrx_word' id='word_1_121' title='bbox 326 1492 404 1559; x_wconf 80' lang='lat' dir='ltr'>signo</span> <span class='ocrx_word' id='word_1_122' title='bbox 415 1489 495 1542; x_wconf 81' lang='lat' dir='ltr'>refer.</span> <span class='ocrx_word' id='word_1_123' title='bbox 514 1492 667 1543; x_wconf 81' lang='lat' dir='ltr'>violentior</span> <span class='ocrx_word' id='word_1_124' title='bbox 676 1489 720 1541; x_wconf 92' lang='lat' dir='ltr'>hic</span> <span class='ocrx_word' id='word_1_125' title='bbox 732 1496 784 1552; x_wconf 87' lang='lat' dir='ltr'>est,</span> 
     </span>
     <span class='ocr_line' id='line_1_21' title="bbox 55 1559 751 1626; baseline -0.004 -14"><span class='ocrx_word' id='word_1_126' title='bbox 55 1559 209 1612; x_wconf 82' lang='lat' dir='ltr'>Hic‘nostis</span> <span class='ocrx_word' id='word_1_127' title='bbox 218 1561 339 1626; x_wconf 85' lang='lat' dir='ltr'>propior.</span> <span class='ocrx_word' id='word_1_128' title='bbox 358 1561 402 1611; x_wconf 86' lang='lat' dir='ltr'>Tu</span> <span class='ocrx_word' id='word_1_129' title='bbox 413 1574 484 1610; x_wconf 86' lang='lat' dir='ltr'>nunc</span> <span class='ocrx_word' id='word_1_130' title='bbox 495 1559 613 1610; x_wconf 80' lang='lat' dir='ltr'>sortasse</span> <span class='ocrx_word' id='word_1_131' title='bbox 624 1560 673 1611; x_wconf 89' lang='lat' dir='ltr'>sub</span> <span class='ocrx_word' id='word_1_132' title='bbox 685 1562 751 1625; x_wconf 83' lang='lat' dir='ltr'>ipsis</span> 
     </span>
     <span class='ocr_line' id='line_1_22' title="bbox 55 1628 607 1681; baseline -0.004 0"><span class='ocrx_word' id='word_1_133' title='bbox 55 1631 136 1681; x_wconf 85' lang='lat' dir='ltr'>Urbis</span> <span class='ocrx_word' id='word_1_134' title='bbox 148 1628 302 1680; x_wconf 82' lang='lat' dir='ltr'>Dardaniae</span> <span class='ocrx_word' id='word_1_135' title='bbox 312 1629 396 1679; x_wconf 85' lang='lat' dir='ltr'>muris</span> <span class='ocrx_word' id='word_1_136' title='bbox 407 1628 542 1679; x_wconf 81' lang='lat' dir='ltr'>vibrantia</span> <span class='ocrx_word' id='word_1_137' title='bbox 551 1629 607 1679; x_wconf 86' lang='lat' dir='ltr'>tela</span> 
     </span>
     <span class='ocr_line' id='line_1_23' title="bbox 55 1696 850 1765; baseline -0.005 -16"><span class='ocrx_word' id='word_1_138' title='bbox 55 1698 168 1763; x_wconf 80' lang='lat' dir='ltr'>Excipis</span> <span class='ocrx_word' id='word_1_139' title='bbox 178 1696 329 1763; x_wconf 89' lang='lat' dir='ltr'>intrepidus</span> <span class='ocrx_word' id='word_1_140' title='bbox 341 1696 454 1762; x_wconf 88' lang='lat' dir='ltr'>clypeo,</span> <span class='ocrx_word' id='word_1_141' title='bbox 466 1706 630 1765; x_wconf 84' lang='lat' dir='ltr'>saevamque</span> <span class='ocrx_word' id='word_1_142' title='bbox 642 1712 789 1748; x_wconf 80' lang='lat' dir='ltr'>coruscans</span> <span class='ocrx_word' id='word_1_143' title='bbox 800 1696 850 1746; x_wconf 75' lang='lat' dir='ltr'>too</span> 
     </span>
     <span class='ocr_line' id='line_1_24' title="bbox 54 1764 668 1832; baseline -0.002 -15"><span class='ocrx_word' id='word_1_144' title='bbox 54 1765 200 1832; x_wconf 77' lang='lat' dir='ltr'>Lampadas</span> <span class='ocrx_word' id='word_1_145' title='bbox 210 1766 336 1831; x_wconf 76' lang='lat' dir='ltr'>Tarpeiis</span> <span class='ocrx_word' id='word_1_146' title='bbox 345 1764 430 1817; x_wconf 85' lang='lat' dir='ltr'>infers</span> <span class='ocrx_word' id='word_1_147' title='bbox 441 1766 568 1817; x_wconf 86' lang='lat' dir='ltr'>incendia</span> <span class='ocrx_word' id='word_1_148' title='bbox 579 1767 668 1817; x_wconf 86' lang='lat' dir='ltr'>tectis.</span> 
     </span>
     <span class='ocr_line' id='line_1_25' title="bbox 55 1834 715 1902; baseline 0 -17"><span class='ocrx_word' id='word_1_149' title='bbox 55 1836 166 1886; x_wconf 83' lang='lat' dir='ltr'>luteres</span> <span class='ocrx_word' id='word_1_150' title='bbox 175 1834 225 1885; x_wconf 87' lang='lat' dir='ltr'>tibi</span> <span class='ocrx_word' id='word_1_151' title='bbox 237 1837 324 1901; x_wconf 89' lang='lat' dir='ltr'>prima</span> <span class='ocrx_word' id='word_1_152' title='bbox 333 1834 430 1885; x_wconf 91' lang='lat' dir='ltr'>domus</span> <span class='ocrx_word' id='word_1_153' title='bbox 442 1841 522 1902; x_wconf 86' lang='lat' dir='ltr'>atque</span> <span class='ocrx_word' id='word_1_154' title='bbox 533 1837 614 1887; x_wconf 85' lang='lat' dir='ltr'>unica</span> <span class='ocrx_word' id='word_1_155' title='bbox 625 1836 715 1902; x_wconf 88' lang='lat' dir='ltr'>proles</span> 
     </span>
     <span class='ocr_line' id='line_1_26' title="bbox 55 1900 787 1970; baseline -0.004 -16"><span class='ocrx_word' id='word_1_156' title='bbox 55 1901 131 1954; x_wconf 84' lang='lat' dir='ltr'>Heui</span> <span class='ocrx_word' id='word_1_157' title='bbox 142 1904 246 1969; x_wconf 63' lang='lat' dir='ltr'>musio</span> <span class='ocrx_word' id='word_1_158' title='bbox 258 1904 285 1952; x_wconf 88' lang='lat' dir='ltr'>iu</span> <span class='ocrx_word' id='word_1_159' title='bbox 298 1904 404 1967; x_wconf 85' lang='lat' dir='ltr'>patriae</span> <span class='ocrx_word' id='word_1_160' title='bbox 414 1900 526 1970; x_wconf 82' lang='lat' dir='ltr'>Stygias</span> <span class='ocrx_word' id='word_1_161' title='bbox 536 1911 661 1970; x_wconf 81' lang='lat' dir='ltr'>raptatur</span> <span class='ocrx_word' id='word_1_162' title='bbox 672 1904 706 1953; x_wconf 88' lang='lat' dir='ltr'>ad</span> <span class='ocrx_word' id='word_1_163' title='bbox 718 1917 787 1953; x_wconf 85' lang='lat' dir='ltr'>aras.</span> 
     </span>
     <span class='ocr_line' id='line_1_27' title="bbox 56 1969 671 2039; baseline 0 -17"><span class='ocrx_word' id='word_1_164' title='bbox 56 1974 70 2022; x_wconf 93' lang='grc'>1</span> <span class='ocrx_word' id='word_1_165' title='bbox 80 1985 166 2028; x_wconf 87' lang='lat' dir='ltr'>nune,</span> <span class='ocrx_word' id='word_1_166' title='bbox 175 1971 309 2019; x_wconf 83' lang='lat' dir='ltr'>Ausonios</span> <span class='ocrx_word' id='word_1_167' title='bbox 319 1969 393 2020; x_wconf 84' lang='lat' dir='ltr'>ferro</span> <span class='ocrx_word' id='word_1_168' title='bbox 405 1971 536 2036; x_wconf 87' lang='lat' dir='ltr'>populare</span> <span class='ocrx_word' id='word_1_169' title='bbox 547 1978 671 2039; x_wconf 85' lang='lat' dir='ltr'>penates,</span> 
     </span>
     <span class='ocr_line' id='line_1_28' title="bbox 57 2036 853 2105; baseline -0.009 -14"><span class='ocrx_word' id='word_1_170' title='bbox 57 2040 95 2091; x_wconf 78' lang='lat' dir='ltr'>Et</span> <span class='ocrx_word' id='word_1_171' title='bbox 104 2039 204 2089; x_wconf 82' lang='lat' dir='ltr'>vetites</span> <span class='ocrx_word' id='word_1_172' title='bbox 214 2036 309 2087; x_wconf 83' lang='lat' dir='ltr'>molire</span> <span class='ocrx_word' id='word_1_173' title='bbox 319 2038 385 2087; x_wconf 78' lang='lat' dir='ltr'>rias.</span> <span class='ocrx_word' id='word_1_174' title='bbox 403 2038 425 2098; x_wconf 88' lang='lat'>1,</span> <span class='ocrx_word' id='word_1_175' title='bbox 435 2045 517 2102; x_wconf 85' lang='lat' dir='ltr'>pacta</span> <span class='ocrx_word' id='word_1_176' title='bbox 527 2041 644 2105; x_wconf 78' lang='lat' dir='ltr'>resigna,</span> <span class='ocrx_word' id='word_1_177' title='bbox 802 2037 853 2086; x_wconf 75' lang='lat' dir='ltr'>iiio</span> 
     </span>
     <span class='ocr_line' id='line_1_29' title="bbox 56 2102 729 2170; baseline -0.007 -11"><span class='ocrx_word' id='word_1_178' title='bbox 56 2108 112 2158; x_wconf 88' lang='lat' dir='ltr'>Per</span> <span class='ocrx_word' id='word_1_179' title='bbox 124 2110 238 2157; x_wconf 88' lang='lat' dir='ltr'>cunctos</span> <span class='ocrx_word' id='word_1_180' title='bbox 248 2104 338 2153; x_wconf 86' lang='lat' dir='ltr'>iurata</span> <span class='ocrx_word' id='word_1_181' title='bbox 347 2102 432 2155; x_wconf 86' lang='lat' dir='ltr'>Deos.</span> <span class='ocrx_word' id='word_1_182' title='bbox 451 2102 497 2155; x_wconf 79' lang='lat' dir='ltr'>Sic</span> <span class='ocrx_word' id='word_1_183' title='bbox 507 2108 629 2170; x_wconf 87' lang='lat' dir='ltr'>praemia</span> <span class='ocrx_word' id='word_1_184' title='bbox 639 2106 729 2156; x_wconf 82' lang='lat' dir='ltr'>reddit</span> 
     </span>
     <span class='ocr_line' id='line_1_30' title="bbox 58 2171 762 2243; baseline -0.004 -17"><span class='ocrx_word' id='word_1_185' title='bbox 58 2173 211 2243; x_wconf 78' lang='lat' dir='ltr'>Carthago,</span> <span class='ocrx_word' id='word_1_186' title='bbox 219 2179 248 2224; x_wconf 87' lang='lat' dir='ltr'>et</span> <span class='ocrx_word' id='word_1_187' title='bbox 257 2171 328 2223; x_wconf 76' lang='lat' dir='ltr'>tales</span> <span class='ocrx_word' id='word_1_188' title='bbox 338 2173 394 2223; x_wconf 84' lang='lat' dir='ltr'>iam</span> <span class='ocrx_word' id='word_1_189' title='bbox 404 2186 475 2223; x_wconf 85' lang='lat' dir='ltr'>nunc</span> <span class='ocrx_word' id='word_1_190' title='bbox 484 2173 535 2223; x_wconf 87' lang='lat' dir='ltr'>tibi</span> <span class='ocrx_word' id='word_1_191' title='bbox 545 2174 625 2224; x_wconf 81' lang='lat' dir='ltr'>solvit</span> <span class='ocrx_word' id='word_1_192' title='bbox 636 2171 762 2224; x_wconf 88' lang='lat' dir='ltr'>honores.</span> 
     </span>
     <span class='ocr_line' id='line_1_31' title="bbox 58 2239 803 2310; baseline -0.008 -17"><span class='ocrx_word' id='word_1_193' title='bbox 58 2246 136 2305; x_wconf 68' lang='lat' dir='ltr'>Quae</span> <span class='ocrx_word' id='word_1_194' title='bbox 147 2257 230 2310; x_wconf 86' lang='lat' dir='ltr'>porro</span> <span class='ocrx_word' id='word_1_195' title='bbox 241 2239 311 2292; x_wconf 87' lang='lat' dir='ltr'>haec</span> <span class='ocrx_word' id='word_1_196' title='bbox 323 2242 419 2307; x_wconf 87' lang='lat' dir='ltr'>pietas,</span> <span class='ocrx_word' id='word_1_197' title='bbox 432 2240 545 2292; x_wconf 87' lang='lat' dir='ltr'>delubra</span> <span class='ocrx_word' id='word_1_198' title='bbox 555 2256 700 2309; x_wconf 79' lang='lat' dir='ltr'>aspergere</span> <span class='ocrx_word' id='word_1_199' title='bbox 712 2240 803 2309; x_wconf 65' lang='lat' dir='ltr'>tabo?¹</span> 
     </span>
     <span class='ocr_line' id='line_1_32' title="bbox 57 2309 769 2378; baseline -0.004 -15"><span class='ocrx_word' id='word_1_200' title='bbox 57 2313 121 2363; x_wconf 84' lang='lat' dir='ltr'>Heu</span> <span class='ocrx_word' id='word_1_201' title='bbox 131 2314 235 2377; x_wconf 87' lang='lat' dir='ltr'>primae</span> <span class='ocrx_word' id='word_1_202' title='bbox 245 2309 378 2362; x_wconf 78' lang='lat' dir='ltr'>scelerum</span> <span class='ocrx_word' id='word_1_203' title='bbox 389 2323 488 2361; x_wconf 87' lang='lat' dir='ltr'>causae</span> <span class='ocrx_word' id='word_1_204' title='bbox 499 2310 659 2361; x_wconf 74' lang='lat' dir='ltr'>niortalibus</span> <span class='ocrx_word' id='word_1_205' title='bbox 671 2311 769 2378; x_wconf 80' lang='lat' dir='ltr'>aegris,</span> 
     </span>
     <span class='ocr_line' id='line_1_33' title="bbox 57 2376 850 2445; baseline -0.004 -15"><span class='ocrx_word' id='word_1_206' title='bbox 57 2380 191 2431; x_wconf 82' lang='lat' dir='ltr'>Naturam</span> <span class='ocrx_word' id='word_1_207' title='bbox 200 2381 307 2432; x_wconf 84' lang='lat' dir='ltr'>nescire</span> <span class='ocrx_word' id='word_1_208' title='bbox 317 2376 420 2430; x_wconf 79' lang='lat' dir='ltr'>Beomi</span> <span class='ocrx_word' id='word_1_209' title='bbox 440 2378 680 2445; x_wconf 85' lang='lat' dir='ltr'>lusteitapreceti</span> <span class='ocrx_word' id='word_1_210' title='bbox 787 2378 850 2428; x_wconf 70' lang='lat'>:795</span> 
     </span>
     <span class='ocr_line' id='line_1_34' title="bbox 58 2446 684 2515; baseline 0 -16"><span class='ocrx_word' id='word_1_211' title='bbox 58 2450 134 2500; x_wconf 81' lang='lat' dir='ltr'>Ture</span> <span class='ocrx_word' id='word_1_212' title='bbox 144 2451 206 2515; x_wconf 90' lang='lat' dir='ltr'>pio,</span> <span class='ocrx_word' id='word_1_213' title='bbox 217 2448 386 2515; x_wconf 69' lang='lat' dir='ltr'>caedumque</span> <span class='ocrx_word' id='word_1_214' title='bbox 396 2446 470 2500; x_wconf 82' lang='lat' dir='ltr'>ieros</span> <span class='ocrx_word' id='word_1_215' title='bbox 481 2450 597 2500; x_wconf 83' lang='lat' dir='ltr'>avertite</span> <span class='ocrx_word' id='word_1_216' title='bbox 607 2450 684 2499; x_wconf 85' lang='lat' dir='ltr'>ritus.</span> 
     </span>
     <span class='ocr_line' id='line_1_35' title="bbox 57 2514 795 2586; baseline -0.004 -18"><span class='ocrx_word' id='word_1_217' title='bbox 57 2518 126 2568; x_wconf 85' lang='lat' dir='ltr'>Mite</span> <span class='ocrx_word' id='word_1_218' title='bbox 138 2525 166 2568; x_wconf 90' lang='lat' dir='ltr'>et</span> <span class='ocrx_word' id='word_1_219' title='bbox 173 2523 318 2586; x_wconf 80' lang='lat' dir='ltr'>cognatum</span> <span class='ocrx_word' id='word_1_220' title='bbox 325 2514 473 2568; x_wconf 88' lang='lat' dir='ltr'>esthomini</span> <span class='ocrx_word' id='word_1_221' title='bbox 481 2516 564 2568; x_wconf 88' lang='lat' dir='ltr'>Deus.</span> <span class='ocrx_word' id='word_1_222' title='bbox 576 2517 795 2579; x_wconf 62' lang='lat' dir='ltr'>Hactenusmrc„</span> 
     </span>
     <span class='ocr_line' id='line_1_36' title="bbox 59 2584 785 2642; baseline 0 -7"><span class='ocrx_word' id='word_1_223' title='bbox 59 2584 102 2636; x_wconf 86' lang='lat' dir='ltr'>Sit</span> <span class='ocrx_word' id='word_1_224' title='bbox 112 2586 180 2638; x_wconf 85' lang='lat' dir='ltr'>satis</span> <span class='ocrx_word' id='word_1_225' title='bbox 192 2592 256 2638; x_wconf 84' lang='lat' dir='ltr'>aute</span> <span class='ocrx_word' id='word_1_226' title='bbox 267 2601 331 2641; x_wconf 86' lang='lat' dir='ltr'>aras</span> <span class='ocrx_word' id='word_1_227' title='bbox 341 2600 440 2641; x_wconf 84' lang='lat' dir='ltr'>caesos</span> <span class='ocrx_word' id='word_1_228' title='bbox 448 2586 715 2642; x_wconf 69' lang='lat' dir='ltr'>uidisseiuseucos·=</span> <span class='ocrx_word' id='word_1_229' title='bbox 782 2619 785 2628; x_wconf 85' lang='lat'>·</span> 
     </span>
    </p>
   </div>
   <div class='ocr_carea' id='block_1_3' title="bbox 50 2654 825 2732">
    <p class='ocr_par' dir='ltr' id='par_1_3' title="bbox 50 2654 825 2732">
     <span class='ocr_line' id='line_1_37' title="bbox 50 2654 825 2732; baseline 0.019 -32"><span class='ocrx_word' id='word_1_230' title='bbox 50 2654 106 2701; x_wconf 79' lang='lat' dir='ltr'>Aut</span> <span class='ocrx_word' id='word_1_231' title='bbox 114 2656 154 2713; x_wconf 80' lang='lat' dir='ltr'>si,</span> <span class='ocrx_word' id='word_1_232' title='bbox 167 2656 238 2709; x_wconf 81' lang='lat' dir='ltr'>rede</span> <span class='ocrx_word' id='word_1_233' title='bbox 250 2658 333 2715; x_wconf 81' lang='lat' dir='ltr'>nefas</span> <span class='ocrx_word' id='word_1_234' title='bbox 344 2657 493 2732; x_wconf 86' lang='lat' dir='ltr'>Superos,</span> <span class='ocrx_word' id='word_1_235' title='bbox 503 2663 656 2729; x_wconf 61' lang='lat' dir='ltr'>iusumque</span> <span class='ocrx_word' id='word_1_236' title='bbox 666 2654 825 2714; x_wconf 42' lang='lat' dir='ltr'>cucusam&amp;s</span> 
     </span>
    </p>
   </div>
   <div class='ocr_carea' id='block_1_4' title="bbox 0 0 960 3308">
    <p class='ocr_par' dir='ltr' id='par_1_4' title="bbox 0 0 960 3308">
     <span class='ocr_line' id='line_1_38' title="bbox 0 0 960 3308; baseline 0 0"><span class='ocrx_word' id='word_1_237' title='bbox 0 0 960 3308; x_wconf 95' lang='lat' dir='ltr'> </span> 
     </span>
    </p>
   </div>
  </div>
 </body>
</html>
