1906 3308
611 436 615 449 Ι

98 486 100 492 ’
135 512 188 564 ue
316 510 366 583 c,
392 507 496 563 sinu
523 508 689 563 irenicr

137 630 275 697 'rransiixi
285 628 384 697 clypei,
395 630 553 697 galeaeque,
565 634 594 682 et
603 630 697 682 inutile
709 629 822 697 ferrum,

136 702 291 767 Fractaque
302 698 431 750 conflictu
441 713 596 765 parmarum
608 702 737 766 tegmina,
749 708 777 752 et
789 716 838 756 ore

139 768 320 836 Gumipedum
332 766 446 835 derepta
457 767 516 818 feru
528 769 683 835 spumantia
692 768 780 821 frena.
871 798 874 803 ·

78 837 129 890 320
141 836 309 905 sanguineus
319 837 438 888 tumidas
448 838 476 887 in
488 852 600 905 campos
611 837 723 889 Aufidus
733 838 820 891 unias

137 907 255 969 Eiectat,
266 905 408 973 redditque
420 905 513 961 furens
523 922 573 957 sua
583 921 701 973 corpora
709 908 785 975 ripis.

138 974 185 1027 Sic
195 975 291 1042 hagea
301 975 377 1037 ratis,
387 982 465 1026 vasto
477 975 551 1027 velut
560 976 649 1026 insuia
659 981 745 1042 ponto

138 1047 301 1110 Conspecta,
312 1044 387 1097 illisit
397 1043 516 1109 scopulis
526 1045 573 1111 ubi
582 1044 690 1095 nubifer
700 1046 800 1109 Eurus,

137 1112 317 1182 Naufragium
327 1127 460 1181 spargens
477 1114 567 1181 operit
584 1112 665 1232 fretra.
698 1113 809 1182 iamque
824 1130 876 1184 per

608 1198 645 1233 uu
666 1197 696 1233 as

78 1249 129 1304 325
139 1253 176 1304 Et
186 1256 315 1313 uenena,
326 1254 356 1302 et
366 1250 440 1313 maii,
450 1249 598 1318 laceroque
608 1251 741 1318 aplustria
750 1250 822 1315 velo,
888 1270 894 1277 ·

137 1323 176 1372 tic
186 1321 279 1371 miseri
288 1319 396 1371 fluitant
406 1325 578 1372 revomentes
589 1335 710 1387 aequora
719 1326 829 1374 nautae.

137 1391 173 1444 At
180 1389 299 1452 Poenus,
309 1404 358 1455 per
368 1390 451 1456 longa
461 1389 533 1439 diem
544 1391 694 1439 certamina
705 1389 794 1441 saevis

138 1457 273 1510 Caedibus
282 1472 416 1518 emensus,
428 1462 573 1523 postquam
583 1457 707 1522 eripuere
719 1457 808 1510 furori

136 1528 273 1593 insignem
282 1526 418 1593 tenebrae!
425 1526 523 1587 lucem,
533 1530 592 1576 tum
602 1525 718 1592 denique
728 1523 848 1581 Martem

77 1595 129 1649 33⁰
138 1595 258 1657 Dimisit,
266 1594 431 1663 tandemque
441 1594 535 1645 suisin
547 1593 632 1645 caede
642 1595 774 1661 pepercit.

139 1663 194 1718 Sed
203 1679 279 1716 mens
288 1663 411 1730 invigilat
423 1664 503 1725 curis,
514 1664 657 1730 noctisque
667 1664 787 1730 quietem

137 1735 221 1786 Ferre
232 1734 334 1800 nequit.
354 1731 482 1785 Stimulat
492 1732 645 1784 donuinter
654 1738 732 1783 tanta
742 1732 874 1790 Deorum.

136 1804 273 1855 Hortatur
282 1803 403 1854 nondum
412 1808 507 1869 portas
516 1803 633 1852 intrasse
645 1801 759 1863 Quirini.

136 1873 268 1924 Proxima
287 1871 335 1923 lux
354 1871 455 1938 placet.
488 1870 561 1922 Hinc
576 1871 688 1922 strictus
704 1868 777 1923 serre
796 1874 875 1928 ocius

611 1953 700 2002 enses,
893 1994 904 2011 ⁸

79 2007 128 2060 ³35
141 2008 213 2058 Dum
224 2006 314 2061 feruet
327 2024 417 2074 cruor,
427 2014 456 2060 et
465 2007 592 2074 perfusae
604 2008 688 2060 caede
699 2005 838 2075 cohortes,

137 2077 283 2138 Destinat,
304 2093 337 2130 ac
355 2079 411 2130 iam
430 2078 550 2145 claustra
567 2092 669 2196 magu,
688 2078 745 2128 iam
763 2080 874 2133 moenia

629 2161 719 2196 amma

137 2215 272 2281 Occupat,
284 2221 312 2266 et
322 2215 410 2281 iungit
420 2215 540 2280 Tarpeia
549 2214 676 2265 incendia
686 2215 793 2269 Cannu.

138 2285 199 2346 Quo
211 2283 322 2335 turbata
331 2284 382 2333 viri
393 2284 494 2333 coniux
503 2280 631 2334 Saturnia
641 2290 752 2350 coepto,

138 2354 296 2419 irarumque
308 2352 380 2403 loris
390 2351 518 2419 Latiique
527 2349 601 2413 haud
612 2353 698 2403 inscia
708 2353 769 2418 fati,

78 2421 129 2474 340
138 2423 280 2474 incautum
291 2421 417 2473 ardorem
429 2427 509 2490 atque
521 2420 615 2473 aridas
624 2421 659 2473 ad
669 2420 746 2475 futile
756 2428 850 2477 votum

138 2490 206 2559 Spes
216 2491 320 2543 iuvenis
330 2491 441 2543 frenare
450 2496 538 2558 parat.
567 2491 699 2543 Gietinde
711 2492 809 2561 quietis
830 2551 833 2557 1

135 2561 303 2629 Regnautenr
314 2559 584 2624 tenebrisSomnum3
598 2561 874 2629 quosaepemiuistru

136 2631 266 2682 Edumitn
275 2631 352 2681 inviti
362 2632 502 2697 componit
511 2630 612 2681 lumina
622 2629 725 2689 fratris.

138 2700 224 2766 Atque
235 2697 298 2750 huic
308 2700 439 2762 arridens,
451 2698 513 2750 Nun
523 2704 551 2750 te
562 2699 718 2760 maioribus,
728 2698 827 2767 inquit,

79 2766 130 2822 sit
141 2769 228 2831 Ausis,
238 2767 316 2831 Dive,
327 2782 411 2819 voco:
423 2782 475 2818 nec
485 2783 572 2834 pesce
582 2773 613 2819 ut
622 2767 751 2831 mollibus,
759 2768 815 2835 uiis.
826 2762 830 2769 '

138 2837 196 2889 Des
204 2838 306 2889 victum
315 2834 391 2902 mihi,
401 2834 511 2901 Somne,
520 2838 622 2890 lovem.
654 2834 872 2957 Νέηωίῌοριςς

608 2920 671 2957 men

122 2973 200 3028 Sunt
208 2975 286 3029 oculi
295 2977 355 3045 tibi,
368 2991 423 3030 nec
433 2990 567 3046 spernens
575 2972 745 3043 munmnina
751 2978 847 3032 custus

107 3043 256 3102 Inachiae
264 3049 359 3104 muita
370 3047 554 3119 superantes
562 3050 649 3098 nuctc
656 3042 799 3109 iuuentae.
