1906 3308
225 80 478 173 Punicorum
505 112 585 167 arn.
603 114 677 167 vua
743 114 822 165 ¹ror
894 68 897 72 ⁵

90 237 142 298 En,
151 248 247 286 numen
258 234 375 299 patrium
385 233 500 299 spondet
510 234 614 284 maiora
624 230 752 300 peractis.
778 256 782 263 ·

59 340 65 355 .
91 296 232 422 vpliantur
243 304 332 369 signa,
345 319 376 352 ac
388 303 457 353 Diva
467 304 582 353 ducente
592 309 715 368 petamus
773 315 776 323 ’

90 373 121 423 in
135 377 240 423 austum
250 371 405 438 Phrygibus
416 371 555 422 Diomedis
564 372 673 421 nomine
684 385 817 437 campum.

92 442 217 507 Dumque
227 441 313 507 Arpos
324 440 438 490 tendunt
446 441 565 491 instincti
578 446 692 506 pectora
701 439 796 502 Poeni,

93 508 226 559 Subnixus
235 514 317 575 rapto
326 509 423 574 plebeii
434 511 551 559 muneris
562 514 646 575 ostro,
698 516 719 567 “,
794 514 797 521 “
832 506 882 560 245

93 576 247 629 Saevitiam
258 578 363 639 Rostris
376 577 476 640 Varro,
487 578 641 644 ingentique
652 578 746 628 ruinae

93 645 234 698 Festinans
246 647 352 712 aperire
361 645 464 709 locum,
475 645 534 696 fata
544 645 671 696 admovet
680 645 754 698 Urbi.

90 717 176 783 Atque
186 714 225 765 illi
235 715 293 766 sine
303 714 363 765 luce
373 731 472 782 genus,
482 714 645 782 surdumque
655 718 798 781 parentum
838 752 841 757 .

89 783 208 845 Nomen,
219 787 248 833 et
257 783 402 835 immodice
411 783 535 834 vibrabat
545 785 572 834 in
582 798 630 835 ors
642 797 743 835 canoro

89 853 199 921 Lingua
208 864 320 923 procax.
345 852 418 903 Hinc
428 859 524 903 auctus
535 851 769 921 opes‚largusque
778 867 822 905 ra·
864 921 880 969 ⁰

28 931 30 941 '
578 923 639 972 inae
709 936 713 945 ⁴
829 920 860 971 25

90 990 186 1042 infime
196 988 260 1040 dum
270 986 342 1056 vulgi
353 987 441 1051 fovet,
454 936 624 1056 oblatrafque
636 987 784 1056 Senatum

90 1060 209 1110 Tantum
217 1058 250 1117 ‚in
261 1065 389 1126 quassata
399 1058 476 1110 bellis
487 1064 569 1124 caput
580 1059 676 1113 extulit
687 1060 763 1121 urbe,

88 1127 258 1180 Momentum
268 1134 300 1178 ut
308 1142 399 1178 rerum
411 1134 439 1180 et
449 1126 499 1178 fati
509 1128 581 1179 foret
592 1128 694 1179 arbiter
704 1144 781 1192 unus,

90 1196 150 1257 Quo
163 1197 317 1247 conservari
327 1196 437 1247 Latium
448 1199 552 1247 victore
562 1196 685 1264 puderet.

88 1265 170 1316 Hunc
180 1264 280 1315 Fabios
290 1265 375 1327 inter,
388 1271 549 1331 sacrataque
561 1267 671 1315 nomina
680 1262 764 1315 Marti
828 1265 879 1316 255

88 1331 244 1397 Scipiadas,
254 1333 377 1398 interque
388 1333 446 1382 luri
456 1333 543 1398 spolia
553 1333 610 1382 elta
619 1326 760 1384 ferentem*

87 1399 260 1462 Marcellum,
271 1399 350 1451 fastis
359 1400 448 1450 labem
458 1399 587 1466 suffragia
599 1414 683 1450 caeca
789 1418 792 1423 ¹

86 1467 267 1536 Addiderunt,
280 1469 438 1536 Cannasque
449 1469 547 1518 malum
560 1468 667 1541 exitiale
678 1467 791 1520 fovebat

85 1537 221 1600 Ambitus,
235 1543 263 1588 et
274 1535 358 1588 Graio
369 1537 503 1588 funestior
513 1551 632 1604 aequore
645 1552 763 1605 campus.

85 1605 171 1669 ldem,
181 1610 212 1657 ut
221 1607 361 1658 turbarum
371 1613 461 1669 sator,
473 1611 554 1673 atque
561 1606 710 1657 accendere
721 1605 816 1659 sollers
827 1606 878 1660 260

82 1674 231 1738 Invidiam,
242 1691 395 1744 pravusque
404 1681 500 1796 ioppe,
512 1677 551 1726 sic
561 1674 656 1726 debilis
667 1681 727 1727 arte

428 1761 459 1797 ru

85 1745 235 1813 Belligera,
246 1747 417 1813 Martemque
478 1762 502 1797 1s
511 1759 630 1806 versare,
641 1759 692 1796 nec
702 1744 758 1799 ullo

86 1812 232 1882 Spectatus
243 1813 331 1879 ferro,
341 1814 434 1884 lingua
443 1814 573 1881 sperabat
582 1814 660 1881 odire¹

84 1882 125 1933 Ad
136 1883 249 1935 dextrae
260 1883 356 1947 decus,
368 1891 450 1953 atque
461 1900 475 1936 e
486 1885 591 1937 Rostris
600 1883 672 1934 belia
682 1882 780 1935 ciebat.

84 1951 160 2019 Ergo
170 1951 276 2015 alacer,
292 1953 460 2022 Fabiumque
471 1967 567 2071 merop
578 1953 743 2022 increpitare
754 1966 818 2019 pro·
826 2019 876 2072 ²65

215 2036 219 2043 '
394 2028 398 2037 '
566 2036 651 2084 essue,
769 2040 774 2064 .·

83 2085 124 2141 rid
134 2086 243 2156 vulgum
250 2087 279 2138 in
289 2085 387 2146 Patres
397 2092 426 2139 et
437 2089 546 2139 mantia
555 2089 639 2139 verbe
648 2082 763 2139 serebat.

65 2216 68 2220 ,
84 2158 143 2212 Vos
148 2194 158 2223 ,
177 2170 291 2227 quonam
304 2156 448 2224 imperium
468 2161 523 2220 est,
540 2156 640 2206 consul
658 2160 806 2224 praecepta

321 2228 324 2232 ’
553 2223 717 2292 modumque

82 2291 206 2350 Bellandi
215 2305 309 2361 posco.
328 2288 465 2354 sedeone,
475 2305 509 2342 an
518 2293 654 2344 montibus
665 2308 737 2357 erro,

82 2362 267 2418 Dummeoum
275 2360 816 2427 Garumusetadustus'corporabiaurus

83 2433 188 2486 Dividit
197 2429 323 2483 ltaliami
337 2432 378 2483 An
390 2430 478 2497 ferro,
490 2445 543 2497 quo
553 2431 674 2498 cingitis,
684 2430 766 2484 uteri
825 2431 876 2483 aiu

84 2503 205 2566 Exaudi,
215 2500 287 2553 bone
298 2500 426 2552 Dictator
435 2537 451 2569 ,Ι
472 2499 520 2550 uid
530 2500 637 2557 Martia
643 2499 749 2569 piebes

80 2571 228 2638 Imperitet.
248 2570 319 2626 Pelii
330 2571 455 2644 Libyas,
491 2569 751 2643 omamaueieuuri

69 2638 259 2701 Hoster'ubet,
277 2642 355 2703 Num
365 2645 521 2718 festinant,
534 2635 877 2721 quospiurimupsssoe
