1906 3308
186 104 442 187 Punicorum
464 118 545 172 ura.
571 119 644 172 xm.
740 123 790 178 285

56 244 222 296 Lamentata
233 239 292 290 diu!
304 241 392 302 Quam
401 255 487 306 paene
499 242 605 291 ruentia
615 247 707 293 tecum

45 313 179 375 ,Traxisti
189 311 224 360 ad
236 309 346 376 Stygias
358 311 490 360 Oenotria
500 315 576 360 tecta
586 311 724 363 tenebras!

56 385 128 433 Tum
138 381 188 430 tibi
199 378 327 429 defuncto
339 379 471 429 tumulum
482 377 608 430 Sidonius
619 378 705 431 hostis

56 448 213 510 Constituit,
223 447 385 515 laudemque
393 453 442 498 tuo
455 447 588 514 quaesivit
598 445 719 500 honore·
797 448 849 506 ‘115
898 491 900 498 .

55 519 183 586 Dumque
194 516 270 568 audit
278 516 423 568 lacrimans
434 514 545 572 hostilia
556 514 655 568 funera
663 516 784 582 Paullus,

55 589 125 640 Ante
146 585 239 638 oculos
258 587 314 638 iam
331 585 491 652 Flaminius,
512 586 567 636 iarn
585 585 740 650 Gracchus,
761 594 790 640 et
809 600 815 605 ·

58 670 60 676 ’
527 669 560 705 ae
594 670 611 706 o
790 663 795 672 “
848 669 853 677 ’

56 725 201 776 Absumtus
212 725 310 776 Cannis
322 723 413 775 stabat
424 722 553 776 Servilius
561 669 620 776 {he
689 719 691 723 ’

56 795 200 860 Appellare
212 795 285 844 viros
297 798 360 844 erat
368 792 459 855 ardor,
469 799 498 845 et
508 793 609 845 addere
618 793 715 845 rerba:
728 812 729 817 ¹
787 812 796 829 r

57 861 112 914 Sed
123 862 250 930 raptabat
260 877 337 913 amor
347 863 452 928 priscos
464 867 631 929 cognoscere
642 878 746 920 manes.
798 861 850 917 tao

56 931 134 983 Nunc
145 933 271 982 meritum
283 946 365 983 saeva
375 931 490 981 Brutum
499 931 654 983 immortale
664 933 756 984 securi
809 940 813 964 ¹

55 1000 176 1064 Nomen,
195 1015 266 1052 nunc
283 999 402 1069 Superos
419 1005 582 1068 aequantem
596 1000 677 1053 laude
693 1002 789 1054 Camil·

520 1070 590 1134 lum,
616 1124 617 1127 ,
703 1082 707 1093 ’
783 1128 789 1133 ,

55 1139 135 1193 Nunc
146 1155 213 1192 auro
225 1140 335 1193 Curium
343 1153 399 1192 non
409 1153 528 1208 unquam
539 1141 627 1192 cernit
638 1143 763 1194 amicum.

58 1212 115 1262 Ora
125 1208 229 1275 Sibylla
240 1210 322 1260 docet
329 1211 492 1271 venientum,
505 1214 533 1261 et
543 1212 653 1261 nomina
663 1210 766 1279 pandit.
881 1249 890 1260 Ι

22 1332 27 1341 ,
56 1280 111 1330 llic
123 1277 233 1329 haudes
244 1279 319 1344 pacis
329 1276 518 1344 Pyrrhumque
532 1279 648 1330 alimine
659 1286 758 1348 portae
798 1279 850 1331 tat

57 1344 174 1408 Deiecit,
185 1347 258 1403 dous
269 1346 359 1397 orbus.
389 1346 466 1396 Tulit
474 1346 519 1397 ille
528 1353 652 1398 ruentem

57 1415 206 1482 Thybridis
216 1417 243 1466 in
255 1417 328 1484 ripas
338 1429 440 1484 regem,
452 1415 579 1483 solusque
589 1416 697 1470 revulso

56 1485 133 1537 Pone
144 1483 223 1536 ferox
234 1490 317 1551 ponte
326 1485 442 1537 exclusit
449 1483 591 1536 redeuntia
603 1499 696 1554 regna.
793 1508 797 1515 ¹

57 1553 87 1606 Si
97 1552 147 1604 tibi
156 1553 233 1605 dulce
244 1555 339 1618 virum,
350 1555 437 1621 primo
449 1555 494 1622 qui
504 1552 699 1616 foederabello
725 1554 731 1572 ¹
748 1564 759 1596 ’τ’
789 1576 803 1584 *

13 1619 19 1624 “
57 1621 224 1676 Phoenicum
234 1625 347 1706 pepigit,
358 1623 471 1688 vidisse3
482 1621 526 1674 hic
536 1623 645 1676 inclitus
653 1625 700 1676 ille
790 1619 851 1677 ,130

39 1693 206 1761 aequoreis
216 1698 305 1743 victor
315 1708 377 1744 cum
388 1693 473 1745 classe
483 1692 611 1745 Lutatius
623 1695 714 1746 annis.
786 1696 789 1701 “
934 1693 937 1698 ’

58 1760 89 1814 Si
107 1761 227 1816 studium
251 1764 415 1817 et'eaevam
439 1776 606 1884 cognoscege
626 1762 791 1837 Hamilcaris

374 1870 379 1878 .
528 1848 574 1884 um
593 1847 689 1899 ram3.

57 1899 108 1952 Illa
122 1905 179 1964 est,
195 1901 293 1964 (cerne
308 1901 420 1970 procul)
438 1902 482 1954 cui
495 1900 572 1959 frons
586 1917 638 1954 nec
647 1907 737 1957 morte
748 1916 791 1957 re·

259 1990 268 2028 ·,
528 1973 613 2023 uriam

10 2037 20 2060 '
57 2038 163 2105 Irarum
174 2042 265 2088 servat
274 2036 386 2089 rabiem.
415 2036 444 2088 Si
453 2041 565 2108 iungere
577 2039 653 2091 cordi
663 2045 706 2092 est
890 2082 893 2087 .

58 2106 241 2173 colloquium
252 2106 319 2168 siue,
329 2111 439 2174 gustato
452 2106 499 2159 det
508 2110 638 2176 sanguine
650 2122 754 2159 vocem
789 2106 850 2167 „tat

56 2177 145 2244 Atque
164 2175 212 2226 ubi
236 2175 416 2242 pennissum,
443 2182 482 2227 et:
496 2178 590 2229 sitiens
615 2191 644 2229 se
669 2174 793 2244 implevit

316 2276 341 2299 ι,
528 2247 619 2298 imavo

57 2308 103 2433 {jc
115 2314 189 2379 prior
199 2314 346 2382 increpitat
355 2328 409 2366 non
418 2315 478 2366 miti
489 2283 681 2383 Scipio‘hifltu:

100 2382 181 2445 lianc,
193 2387 212 2433 o'
220 2382 352 2440 fraudum
357 2384 474 2452 genitor,
486 2391 549 2436 sunt
559 2383 673 2436 foedera
681 2381 776 2452 vobis?

56 2452 109 2502 Aut
119 2450 189 2503 haec
200 2449 309 2503 Sicania
319 2454 446 2521 pepigisti
458 2459 553 2521 captus
562 2454 591 2504 in
602 2453 668 2507 aral
696 2506 702 2517 ,

56 2520 205 2591 Bellatum
216 2526 276 2572 toto
288 2527 367 2573 natus
379 2524 476 2573 contra
487 2524 576 2574 omniu
586 2529 668 2589 pacta
797 2521 850 2572 tto

56 2589 175 2642 Exercet
184 2589 276 2654 Latio,
288 2596 325 2654 et,
336 2592 472 2660 perruptis
482 2591 608 2655 molibus,
619 2591 700 2667 Alpes
785 2632 788 2640 ,

48 2657 195 2736 illectam
205 2659 295 2731 adest,
305 2660 398 2724 tenet
408 2661 665 2736 gerendarum
