1906 3308
202 181 452 240 Punicorum
479 185 561 242 usa.
585 186 660 241 xus.
713 146 717 154 ¹
755 164 839 247 aaar

72 303 104 362 In
116 307 236 359 cinerem
246 308 362 358 traxisse
373 322 451 376 rogo.
480 306 558 360 Subit
568 309 664 363 intima
674 311 769 379 eorda,

72 378 221 430 Perlabens
233 378 341 439 sensim,
353 378 426 428 mitis
437 374 521 429 Deus.
548 378 597 429 ille
609 379 743 448 superbae
814 381 866 436 320

72 446 261 499 Fundamenta
272 446 367 513 Capyn
378 447 502 513 posuisse
514 448 661 515 antiquitus
672 450 742 514 urbi,

72 515 136 569 Non
145 514 273 582 cuiquam
282 509 478 583 visus‚⁸passinr
488 516 651 569 monotrille
661 517 760 572 refusis
811 552 813 559 ·

72 586 105 638 ln
116 584 234 651 spatium
241 583 402 635 immensum
413 585 515 651 eampis
526 582 674 637 habitanda
684 588 799 659 relinqui
818 632 821 647 .

73 653 146 707 Utile
156 658 231 706 taeta
241 653 332 705 docet.
361 653 497 704 Paulatim
508 652 649 706 atrocibus
659 656 718 709 irae

72 723 268 791 Langueseunt
279 722 384 786 animis,
394 723 588 774 etvismollita
597 725 724 777 senescit.
814 724 867 780 825

72 793 132 847 Pau
142 793 206 844 love
218 793 315 843 missus
328 797 396 854 erat,
407 794 511 843 servari
520 799 595 844 tecta
604 792 713 846 volente
804 823 807 834 =

73 864 168 923 Troia,
180 859 310 927 pendenti
319 859 413 911 similis
424 861 482 911 Pan
493 876 611 928 semper,¹
620 868 649 915 et
657 864 714 916 imo

36 963 40 975 .
71 932 128 985 vix
138 930 194 982 ulla
202 927 353 981 mseribens
362 934 454 980 terrae
465 931 580 998 vestigia
590 946 685 985 cornu.

72 998 313 1053 Dexteralascivit
324 1012 406 1050 eaesa
416 999 567 1066 Tegeatide
579 1015 664 1068 capra

71 1070 197 1123 Verbera
205 1068 401 1120 laetamorens
412 1066 484 1119 festa
493 1083 543 1136 por
554 1072 675 1138 compita
684 1071 781 1125 cauda.
815 1072 867 1126 33⁰
916 1124 918 1129 ,

74 1140 164 1207 (lingit
175 1143 257 1189 acuta
268 1152 369 1201 eomas,
382 1144 410 1190 et
421 1144 522 1207 opacat
530 1145 664 1207 tempora·
675 1143 764 1208 pinus,

72 1210 112 1260 Ae
122 1222 208 1275 parva
218 1213 362 1274 erumpunt
372 1207 522 1258 rubicunda
532 1223 635 1260 cornua
644 1209 748 1262 monte:

39 1328 44 1333 .
73 1275 154 1330 Stant
165 1291 254 1338 aures,
265 1277 374 1343 imoque
386 1277 460 1327 eadit
468 1276 555 1328 barba
565 1274 672 1344 hispida
681 1285 784 1332 mento.

47 1370 53 1378 ·
72 1345 217 1399 Pastorale
227 1345 288 1395 Deo
299 1344 435 1407 baculum,
444 1345 576 1412 pellisque
587 1346 725 1398 sinistrum

73 1415 157 1469 Velat
166 1417 247 1481 grata
255 1411 327 1464 latus
337 1419 449 1464 tenerae
461 1413 495 1466 de
505 1428 623 1480 corpore
635 1414 741 1468 damae.
815 1415 866 1470 3³5
935 1446 938 1451 ·

73 1483 155 1539 Nulla
163 1484 192 1535 in
201 1487 380 1552 praeruptum
388 1488 446 1535 tam
456 1496 543 1550 prona
553 1489 580 1534 et
591 1481 729 1553 inhospita
744 1499 810 1555 cau<

546 1556 598 1617 tes,

73 1623 105 1678 ln
116 1636 169 1694 qua
178 1638 242 1688 non,
250 1622 354 1675 librans
364 1636 473 1689 corpus,
485 1622 631 1690 similisque
642 1622 747 1676 volanti

75 1693 255 1762 Cornipedem
266 1693 360 1744 tulerit
370 1693 496 1760 praecisa
504 1707 554 1759 per
564 1693 625 1743 aria
635 1693 765 1760 plantam.

74 1764 214 1816 interdum
223 1761 348 1824 inflexus,
359 1762 448 1821 medio
459 1763 601 1814 nascentia
610 1768 691 1831 tergo

74 1834 197 1901 Respicit
208 1832 330 1885 arridens
341 1829 429 1883 hirtae
439 1830 556 1883 ludibria
566 1830 692 1884 caudae..
817 1832 869 1888 34⁰

75 1902 287 1970 obtendensque
296 1916 406 1953 manum
418 1902 504 1953 solem
513 1901 696 1955 infervescere
706 1900 792 1955 fronti

74 1973 166 2034 Aroes,
178 1976 207 2023 et
217 1971 343 2021 umbrato
354 1971 504 2036 perlustrat
513 1986 618 2039 pascua
627 1972 695 2024 risu.

75 2041 140 2101 llio,
151 2044 294 2106 postquam
304 2038 435 2089 mandata
444 2039 498 2090 Dei
507 2039 639 2106 perfecte,
648 2039 801 2110 malamque

77 2107 189 2161 sedarit
199 2107 310 2167 rabiem,
322 2111 351 2157 et
359 2106 500 2173 permulsit
511 2107 596 2157 eorda
604 2105 751 2171 busentum,

76 2175 210 2231 Arcadiae
220 2174 338 2226 volucris
349 2173 434 2224 saltus
446 2180 475 2225 et
485 2180 577 2226 amata
586 2177 680 2227 revisit
758 2208 762 2213 -
818 2175 871 2230 345

75 2245 217 2310 Maenala3
227 2244 274 2295 ubi
284 2244 387 2311 argutis
398 2243 479 2312 longe
490 2243 524 2296 de
533 2246 637 2296 vertice
647 2259 726 2296 sacro

76 2317 164 2371 Dulce
176 2319 257 2367 sonat
268 2313 388 2377 calamis,
399 2313 475 2365 ducit
485 2314 593 2366 stabula
604 2315 694 2364 omnia
705 2317 797 2367 cantu.

76 2385 192 2454 attegio
203 2381 380 2446 Ausonidum,
390 2381 637 2436 flammasduotore
647 2382 758 2436 iubente
863 2390 866 2397 ’

77 2457 170 2510 Aroeri
181 2453 277 2522 portis,
288 2457 445 2520 stantesque
455 2452 607 2520 relinquere
618 2467 720 2516 muros,

80 2526 156 2589 (Mite
167 2524 250 2576 decus
261 2523 370 2578 mentis)
382 2521 502 2571 condunt
511 2535 643 2588 ensesque
653 2520 791 2591 facesque.
818 2522 870 2576 85⁰
896 2583 900 2591 ¹

84 2595 166 2648 llrslta
175 2593 265 2644 Deum
275 2589 382 2656 templis
394 2588 571 2659 domibusque
581 2591 731 2644 nitentibus
742 2606 811 2645 asaro

89 2665 206 2733 lgeritur
216 2659 328 2730 praeda,
339 2663 369 2712 et
377 2659 467 2713 dotus
478 2658 750 2729 minantemque,

94 2737 194 2800 'rusque
205 2732 284 2784 bonis
294 2731 417 2802 periere,
426 2731 522 2790 sirum
530 2731 570 2791 be
581 2745 710 2803 torpore
719 2730 823 2780 restet

99 2799 223 2861 Stasea
240 2803 346 2860 lusa.
721 2794 749 2839 S
