1906 3308
242 122 496 178 Pnnlcomnn
523 125 603 178 LlB.
626 122 699 180 Vlll.
790 124 840 179 165

107 246 282 308 Tondentur,
295 259 363 312 quae
375 246 551 296 circumstent
562 242 730 309 discrimina,
740 246 839 299 remisi

107 318 147 366 hc
156 314 276 366 nondum
287 320 382 364 nostro
392 313 526 364 infaustos
537 316 803 382 generiquesnloque

107 382 331 435 Laomedonteae
342 382 431 432 noscis
442 381 546 432 telluris
555 382 693 434 alumnost

58 452 62 460 '
107 452 181 503 Dum
192 451 298 503 coelum
308 449 404 516 rapida
415 449 508 500 stellas
518 452 650 516 vertigine
661 452 760 515 volvet,

58 567 65 573 .
107 519 239 588 Lunaque
251 519 372 568 fraterno
382 516 509 569 lustrabit
517 518 617 569 lumine
628 525 728 572 terras:
848 520 898 571 175

108 588 168 640 Pax
179 588 252 642 nulla
260 585 400 644 Aeneades
409 587 481 637 inter
490 588 643 654 Tyriosque
653 586 781 640 manebit.

108 655 210 724 Surge,
222 671 283 723 age,
294 657 349 705 iam
359 656 458 706 tacitas
469 661 596 722 suspecta
607 655 722 708 Lavinia
732 657 842 712 fraudet

107 726 233 789 Molitur,
244 725 384 789 dirumque
396 723 472 774 nefas
483 725 532 775 sub
546 724 628 776 corde
639 725 752 777 volutat,

106 794 257 847 Praeterea
266 795 311 854 (ne
323 791 393 842 falsa
402 797 481 858 putes
492 790 561 844 haec
571 794 674 860 fingere
684 791 820 859 somnum)

106 862 190 915 Hand
201 861 298 930 procul
309 858 371 911 hinc
381 875 468 929 parvo
478 860 645 915 descendens
661 862 737 915 fonte
747 863 840 916 Numi·

390 959 393 963 ·
576 943 626 982 cus
848 934 899 984 18⁰

106 999 239 1063 Labitur,
249 1004 277 1052 et
286 997 339 1052 leni
350 1013 399 1064 per
409 996 492 1051 rades
498 996 615 1051 volvitur
625 1013 712 1050 amne.

107 1071 170 1122 Huc
180 1070 283 1136 rapies,
294 1084 437 1136 germana,
447 1069 518 1119 riam
527 1074 655 1137 tutosque
666 1075 801 1136 receptus.

108 1141 152 1193 'l'o
160 1152 242 1192 sacra
252 1139 388 1204 excipient
397 1135 497 1189 hilares
507 1141 534 1189 in
545 1138 654 1190 flumina
665 1137 818 1206 Nymphae,

107 1212 308 1274 Aeternumque
317 1207 393 1258 italis
402 1222 500 1257 numen
512 1208 685 1259 celebrabere
694 1209 723 1258 in
735 1210 798 1259 nris

109 1278 155 1330 Sic
165 1277 224 1329 lata
231 1277 264 1343 iq
271 1283 379 1328 tenuem
391 1272 542 1327 Phoenissa
552 1277 661 1328 evanuit
672 1291 775 1328 auram.
850 1276 899 1328 185

107 1347 185 1398 Anna
195 1347 271 1397 novis
281 1359 378 1396 sonrno
389 1344 526 1394 excutitur
535 1346 682 1411 perterrita
690 1346 766 1408 risis,

108 1415 187 1483 itque
196 1415 279 1466 timor
288 1420 363 1464 totos
374 1411 464 1480 gelido
475 1413 575 1464 sudore
585 1428 634 1480 per
644 1419 729 1464 artua
749 1407 751 1413 ’

109 1485 202 1546 Tunc,
212 1489 244 1535 ut
255 1489 315 1536 erat
326 1483 401 1534 tenui
412 1494 511 1547 corpus
522 1481 654 1534 velamine
665 1488 752 1545 tecta,

108 1553 238 1605 Prosiluit
247 1552 354 1615 stratis,
366 1548 512 1619 humilique
523 1566 634 1618 egressa
644 1550 765 1603 fenestra

108 1621 163 1674 Per
174 1621 281 1689 patulos
294 1620 378 1672 currit
388 1619 486 1686 plantis
497 1620 651 1687 pernicibus
662 1635 757 1687 agross
849 1619 901 1672 190

108 1691 205 1742 Donec
217 1704 333 1742 arenoso
345 1690 396 1752 (sic
407 1687 492 1753 fama)
502 1688 642 1741 Numicius
651 1688 725 1740 illam

109 1760 236 1826 Suscepit
246 1761 364 1826 gremio,
373 1759 521 1825 vitreisque
531 1758 702 1810 abscondidit
712 1759 804 1810 antus.

69 1840 79 1854 ·’
110 1831 179 1881 0rta
189 1828 248 1878 (lies
257 1832 345 1879 totum
357 1827 440 1878 radiis
450 1828 610 1894 impleverat
621 1827 723 1891 orbem,

110 1899 177 1947 Cum
187 1894 287 1943 nullam
296 1894 440 1945 Aeneadae
450 1893 578 1959 thalamis
588 1895 717 1949 Sidonida
727 1894 809 1959 nacti,

109 1965 148 2014 Et
156 1960 283 2011 Rutadnm
293 1975 392 2026 magno
403 1968 525 2013 errantes
537 1963 655 2015 elamore
665 1979 714 2029 per
724 1979 829 2031 agrum,
851 1963 901 2015 195

110 2028 202 2081 Vicini
212 2027 247 2077 ad
257 2028 331 2091 ripas
340 2025 414 2076 fluvii
424 2028 571 2080 manifesta
580 2036 729 2096 sequuntur

112 2097 196 2164 Signa
205 2093 319 2161 pedum,
331 2093 449 2160 dumque
456 2095 529 2145 inter
538 2111 569 2147 se
578 2098 722 2157 mirantur,
733 2096 766 2148 ab
776 2097 831 2151 alto
880 2156 881 2159 Ἴ

111 2166 203 2219 Amnis
216 2177 299 2231 aquas
311 2176 472 2230 cursumque
481 2164 562 2230 rapit
581 2166 651 2226 Tum
662 2163 771 2218 sedibus
780 2167 843 2220 imis

110 2239 186 2290 lnter
197 2232 337 2286 caeruleas
347 2232 406 2283 visa
416 2237 459 2283 est
468 2232 588 2284 residere
600 2248 709 2285 sorores

111 2305 233 2364 Sidonis,
246 2308 275 2354 et
284 2301 391 2369 placido
404 2302 527 2354 Teucros
539 2301 650 2354 effarier
660 2317 716 2355 ore.
849 2306 900 2356 200

109 2378 153 2430 Ex
162 2375 209 2425 illo
219 2373 312 2440 primis
324 2371 386 2423 anni
397 2371 537 2422 celebrata
547 2371 641 2423 diebus

109 2446 164 2499 l'er
174 2449 261 2497 totam
267 2443 412 2493 Ausoniam
424 2441 582 2493 venerando
588 2441 696 2494 nuntiae
708 2441 782 2495 culta
790 2447 839 2495 est

110 2514 191 2566 lianc
201 2515 344 2580 postquam
354 2512 382 2561 in
393 2511 485 2562 tristes
496 2509 853 2578 ltaldeaturuiaquqnas

77 2622 80 2627 .
111 2582 229 2633 Hortata
242 2587 295 2645 est,
308 2579 391 2635 celeri
403 2596 536 2652 superum
543 2583 620 2653 petit
628 2579 754 2636 aethera
760 2593 863 2636 curru,

106 2651 235 2718 Oetaeum
246 2653 325 2715 Latii
336 2656 454 2717 tandem
466 2661 576 2732 potam
584 2666 738 2714 eruerem.
