1906 3308
165 515 217 571 300
356 512 387 567 0.
414 508 517 566 siml
543 498 740 566 lunulas
766 506 770 517 ⁴
849 578 852 583 ῃ
879 506 884 515 ’

105 636 157 691 aab
167 637 256 688 Unum
266 630 447 701 naufragium,
457 645 616 700 mersasque
625 632 738 699 impune
745 626 886 699 profanis

167 704 250 757 clade
260 702 441 771 pharetrigeri
450 701 579 753 subnixas
588 701 661 768 regis
672 698 803 753 Athenas.

167 772 357 826 Flammabaut
365 771 475 838 vulgum
484 770 570 838 geniti
579 768 745 838 Carthagine
753 768 869 833 huet,

169 843 256 895 Poeni
267 846 355 892 matre
365 854 464 911 genusq
475 838 524 890 sed
533 853 616 907 ques,
627 839 677 891 sub
687 838 803 891 crimine
812 838 906 908 puina

170 912 244 963 Urbe
256 908 412 976 Syracosia,
423 907 537 975 Libycis
549 908 682 960 eduxerat
692 908 749 961 oris

110 978 162 1035 29⁰
173 980 332 1032 Trinacrius
342 979 458 1046 genitor,
467 979 628 1046 geminaque
640 993 657 1028 a
666 978 752 1044 stirpe
760 980 909 1045 pereum

169 1051 251 1101 Astus
261 1048 413 1099 miscebant
423 1048 526 1112 'lyrim
535 1047 647 1098 levitate
659 1044 768 1097 Sicana.

172 1119 250 1182 Quae
260 1130 374 1170 cernens
385 1115 493 1181 ductor,
504 1122 651 1185 postquam
660 1112 864 1183 immedicabile
870 1112 910 1167 rb.

643 1199 704 1236 sum
913 1204 917 1209 ·

174 1250 291 1316 Seditic,
299 1258 380 1322 atquc
389 1253 463 1306 ultre
473 1253 575 1306 bellum
584 1253 716 1323 surgebat
726 1252 760 1305 ab
772 1248 868 1323 hosta,

174 1324 306 1375 Testatus
315 1322 401 1375 Divos
412 1321 574 1387 Sicudorum,
585 1334 742 1390 amnesque,
750 1319 895 1393 lacusque,
916 1376 920 1381 ,

113 1390 164 1445 295
176 1393 214 1443 Et
224 1390 324 1455 lentes,
334 1390 476 1454 Arethusa,
487 1398 559 1454 tuos,
572 1392 607 1442 ad
615 1392 688 1444 bella
696 1391 794 1443 vocari

174 1461 306 1525 lavitumq
317 1462 382 1529 quia
391 1467 488 1527 sponte
498 1460 544 1511 diu
555 1475 608 1511 non
619 1461 755 1524 sumserit,
766 1458 880 1515 nomn

174 1528 291 1581 Induere
302 1544 378 1580 arma
386 1530 451 1594 sibi3
464 1529 581 1581 telorum
592 1530 790 1592 turbineyasto
902 1552 908 1579 .-

173 1595 342 1667 Aggreditur'
347 1613 448 1661 murus,
460 1604 542 1666 atque
553 1600 634 1651 armis
644 1600 752 1650 intonat
761 1597 834 1650 urbl.

174 1667 231 1719 Par
240 1682 334 1720 omnes
345 1668 425 1720 simul
433 1670 476 1721 ira
485 1669 572 1737 rapit3
582 1673 753 1736 certantque,
762 1672 909 1739 munique·

114 1734 165 1789 300
177 1737 283 1800 Turris,
293 1737 436 1805 multipiici
446 1753 559 1807 surgens
571 1738 605 1790 ad
618 1738 709 1790 sidera
716 1742 805 1800 tecto,

174 1805 285 1869 Exibat,
296 1807 419 1858 tabulata
429 1807 525 1860 decem
535 1808 580 1859 cui
591 1821 716 1860 crescere
727 1805 830 1857 Graius

174 1875 309 1940 Fecerat,
327 1880 356 1929 et
369 1876 469 1930 multas
482 1891 625 1929 nemorum
645 1878 919 1997 quesumserattrw

367 1954 376 1996 ὃ
667 1959 722 1996 riis·
928 1952 931 1957 ”

175 2013 315 2064 Armatam
325 2011 388 2065 binc
397 2014 454 2082 igni
464 2014 557 2080 pinum
568 2021 596 2066 et
605 2013 750 2065 devolvere
760 2024 830 2064 saxa

176 2081 333 2146 Certabant,
344 2083 502 2149 calidaeque
511 2084 578 2148 picis
589 2080 740 2135 dillnndcre
750 2086 869 2148 pestem.

115 2148 166 2202 305
176 2148 249 2201 Huic
258 2151 355 2217 procul
365 2151 507 2201 ardentem
517 2150 652 2201 iaculatus
662 2149 791 2217 lampada
802 2148 913 2203 Cimber

175 2219 300 2281 coniicit,
310 2224 339 2271 et
347 2218 428 2269 lateri
437 2218 521 2269 telum
529 2217 667 2270 exitiabile
677 2220 746 2288 tigit.

96 2300 99 2306 ’
174 2286 303 2339 Pascitur
313 2286 407 2338 adiuta
418 2286 557 2339 Vulcanus
569 2288 677 2339 turbine
687 2288 772 2351 venti,
917 2326 922 2337 .

177 2355 397 2424 Gliscentemquc
407 2353 519 2408 trahens
529 2357 612 2408 turris
623 2370 674 2424 per
689 2357 797 2409 viscera
810 2352 912 2417 labem.

176 2425 283 2493 Perque
294 2425 377 2477 altam
386 2424 485 2477 molem
497 2431 527 2477 ct
536 2425 620 2477 toties
630 2427 783 2476 crescentia
791 2422 878 2486 tecta,

116 2492 167 2546 310
179 2492 292 2548 scandit
303 2509 397 2562 ovans,
407 2494 563 2565 rapidisque
571 2499 653 2547 rarat
662 2494 827 2578 cmpltaatla
835 2490 914 2547 llum·

290 2578 293 2583 ·
645 2578 699 2615 rurs

122 2660 127 2671 ·
176 2632 296 2696 Robora,
307 2637 344 2696 et,
353 2634 458 2702 ingenti
467 2631 546 2685 simul
556 2632 712 2685 exundante
720 2642 825 2697 rapere

175 2702 216 2753 Ad
229 2702 345 2767 coelum,
356 2705 446 2755 victor
453 2704 569 2754 nitentia
580 2702 698 2753 culmina
705 2700 810 2752 lambit.

176 2770 326 2836 implentur
334 2771 419 2836 fumo,
431 2778 460 2827 et
470 2770 569 2824 nebula
580 2770 701 2840 caliginis
713 2775 792 2823 atrae

176 2839 247 2902 (Nec
257 2841 382 2909 cuiquam
392 2843 511 2894 erasisse
521 2840 614 2906 datur)
626 2855 676 2893 ceu
686 2838 804 2892 fulminis
813 2835 874 2890 ictu

117 2907 168 2963 315
180 2911 328 2976 correptae
339 2911 434 2978 rapide
446 2913 475 2964 in
485 2911 591 2963 cineres
602 2909 694 2965 abiere
704 2910 808 2962 rmnae.
947 2958 951 2963 .

177 2978 233 3033 Par
244 2985 340 3033 contra
348 2981 447 3052 pelago
457 2981 563 3035 miseris
572 2976 810 3034 fortunatarlnlsi
863 3033 867 3037 .

177 3047 301 3123 Namque
311 3050 358 3107 ubi
368 3065 398 3109 se
407 3052 520 3125 propius
528 3052 611 3108 tectis
619 3045 842 3120 urbiqurblltrb
903 3106 922 3131 ,ἡ
