1906 3308
17 41 26 91 l

213 86 463 177 r‘uurcoauu
487 122 570 178 urs.
593 122 655 179 vu.
751 128 803 187 us

68 248 201 315 Aequate.
219 242 291 296 Nulli
302 243 442 311 quisquam
451 244 551 294 virtute
562 245 705 309 secundus,
827 249 861 304 55

68 315 177 367 Ducere
188 319 231 363 ter
242 318 350 363 centrum
361 314 480 378 'l'arpeia
491 312 524 362 ad
534 314 636 379 templa
645 314 805 383 triumphes.

67 382 149 449 (Spes
159 380 224 433 heui
235 381 360 443 fallaces,
372 382 509 448 oblitaque
521 381 606 431 cerda
616 383 758 449 caducum,

23 468 26 473 ·
66 450 179 506 Mortali
190 450 369 519 quodcunque
379 449 480 512 datur.)
493 449 568 500 Grex
577 450 622 501 ille
632 452 762 518 uirorum,

68 520 123 582 Qui
133 520 220 571 Fabia
229 524 311 586 gente
320 519 449 570 incolumi
459 517 582 569 deforme
591 521 708 586 putabat

66 588 181 641 Publica
189 587 263 639 bella
272 588 458 655 geri,pariter
468 587 593 637 cecidere
603 588 725 640 Deorum
828 592 862 643 eu

67 656 186 720 luridis,
198 656 295 708 subitis
307 655 579 706 circumuenientibus
591 657 681 708 armis.

67 724 126 778 Nec
135 732 228 776 tamen
238 725 346 775 eccisus
357 729 400 775 est
410 739 458 774 cur
467 724 578 776 laetere.
598 723 757 791 Supersunt.

63 794 149 857 Quod
157 794 208 845 tibi
217 795 253 844 sit
262 792 423 860 Libyaeque
434 794 514 855 satis,
527 795 674 845 certaverit
683 811 751 846 unus

65 864 123 915 'l'er
133 868 242 915 centum
251 861 363 914 dextris.
386 862 457 912 Tam
467 861 800 926 viridamembra,labor·

537 944 589 997 que

65 998 256 1062 Providas‚et
265 1004 347 1051 cauta
357 998 479 1051 sollertia
487 1003 564 1050 tecta
573 1000 674 1067 quiete.
826 999 859 1051 65

66 1070 126 1123 Nec
137 1083 218 1131 vero,
228 1068 321 1132 calidi,
331 1084 402 1120 nune
412 1075 456 1131 tu,
468 1069 513 1119 cui
522 1071 659 1136 sanguiuia
670 1073 757 1133 aetas,

54 1138 181 1197 fuderis
188 1139 216 1188 in
227 1153 319 1206 pugna
329 1139 449 1190 velocius
458 1136 506 1189 ilia
514 1139 607 1204 planta

63 1207 210 1262 Bellatorls
222 1208 298 1275 equi,
308 1206 445 1273 frenisque
456 1208 634 1260 momorderis
646 1222 704 1260 era·

44 1294 50 1301 ·
64 1278 154 1340 Quem
166 1290 279 1328 cernens
290 1275 398 1327 aridum
406 1275 456 1330 leti
468 1276 734 1340 quaesitamquae,

64 1344 255 1415 Nequidquam
264 1351 386 1406 uestras,
397 1343 522 1406 demens,
532 1346 585 1406 ait,
597 1346 671 1396 elicis
680 1345 746 1408 iras,
826 1344 860 1394 'id

63 1415 103 1469 Et
113 1413 223 1480 captiva
232 1428 314 1480 paras
323 1412 465 1465 moriendo
476 1412 592 1464 evadere
601 1411 698 1465 vincla.

63 1482 217 1538 vivendum
228 1487 279 1534 est.
296 1484 365 1533 Arta
373 1488 515 1533 serventur
524 1481 595 1533 colla
605 1488 711 1534 catena.

63 1552 145 1606 ilaec
153 1551 267 1614 iuvenis,
276 1550 406 1619 Ditisque
416 1552 655 1619 tumeusauslsque
665 1548 799 1603 secundis.

62 1622 99 1675 At
108 1620 206 1673 Patres
217 1618 366 1689 Latiasque
377 1635 460 1671 nurus
471 1620 598 1687 raptabat
608 1620 643 1671 ad
655 1632 716 1670 aras

63 1690 138 1742 cisra
147 1688 245 1741 Deum.
263 1688 372 1742 Maesio
383 1688 502 1742 suilusa'e
513 1689 614 1741 lumina
622 1689 698 1740 vultu
825 1686 860 1738 ti

62 1758 208 1812 Femineas
218 1763 327 1829 matreq
332 1759 456 1825 graditur
467 1757 580 1822 chorus3
592 1759 687 1810 ordine
697 1755 789 1826 longo,

62 1826 161 1879 iuueni
171 1826 271 1892 pallam
281 1830 468 1895 conceptaque
478 1832 544 1878 vota
554 1828 690 1879 dicabant.

63 1896 128 1947 lluc
139 1894 218 1955 ades,
229 1909 246 1945 o
257 1896 354 1961 regina
363 1895 466 1958 Deum,
477 1911 544 1963 gena
555 1903 632 1948 casta
641 1908 800 1964 precamen

63 1962 239 2023 Referimus,
250 1961 333 2026 digno
345 1976 520 2030 quaecuuque
531 1970 575 2015 est
583 1966 705 2027 nomine,
714 1965 797 2015 turba

63 2028 231 2087 Ausonidum
240 2026 444 2095 pulcluumqae,
454 2036 484 2081 et
493 2032 797 2095 aeusubtemiueiulrc,
826 2031 860 2081 80

65 2100 147 2164 Quod
158 2102 269 2149 nostrae
279 2109 378 2147 nevere
387 2109 498 2159 manus,
508 2100 663 2149 venerabile
675 2099 785 2151 donum.

62 2170 103 2223 Ae
114 2169 179 2220 dum
189 2165 324 2218 decrescit
333 2168 451 2215 matrum
460 2170 563 2228 metus,
573 2164 626 2218 hoc
635 2167 700 2231 tibi,
709 2168 789 2233 Dira,

62 2238 174 2291 interea
182 2236 306 2288 velamen
316 2234 376 2285 erit.
395 2232 425 2284 Si
434 2232 535 2300 pellere
543 2236 644 2287 nestris

62 2306 258 2360 Marmaricam
268 2304 348 2355 terris
357 2302 457 2355 nubem
468 2301 561 2366 dabis,
573 2304 660 2356 omnis
670 2306 699 2355 iu
707 2316 776 2357 auro

61 2374 165 2431 Pressa
173 2375 223 2427 tibi
234 2375 310 2426 varia
320 2371 435 2441 fulgebit
443 2386 551 2441 gemma
562 2387 673 2424 corona.
824 2370 861 2426 85

62 2442 187 2497 Necnon
198 2449 227 2495 et
235 2444 347 2511 proprio
357 2448 522 2494 venerantur
531 2442 645 2494 Pallada
655 2441 738 2505 douo,

63 2510 275 2584 Phoebumque,
286 2513 505 2587 armigerumque
515 2512 818 2641 qum,qmmmsq2

572 2588 683 2641 iuuem.

51 2649 380 2727 saturiacum
389 2643 858 2742 desideratissimum
