<?xml version="1.0" encoding="UTF-8"?>
<!DOCTYPE html PUBLIC "-//W3C//DTD XHTML 1.0 Transitional//EN"
    "http://www.w3.org/TR/xhtml1/DTD/xhtml1-transitional.dtd">
<html xmlns="http://www.w3.org/1999/xhtml" xml:lang="en" lang="en">
 <head>
  <title>
</title>
<meta http-equiv="Content-Type" content="text/html;charset=utf-8" />
  <meta name='ocr-system' content='tesseract 3.04.00' />
  <meta name='ocr-capabilities' content='ocr_page ocr_carea ocr_par ocr_line ocrx_word'/>
</head>
<body>
  <div class='ocr_page' id='page_1' title='image "./caiisiliiitalic01italgoog_0241.png"; bbox 0 0 1906 3308; ppageno 0'>
   <div class='ocr_carea' id='block_1_1' title="bbox 144 516 690 601">
    <p class='ocr_par' dir='ltr' id='par_1_1' title="bbox 144 516 690 601">
     <span class='ocr_line' id='line_1_1' title="bbox 144 516 690 601; baseline -0.004 -17"><span class='ocrx_word' id='word_1_1' title='bbox 144 536 193 584; x_wconf 78' lang='lat' dir='ltr'><strong>acc</strong></span> <span class='ocrx_word' id='word_1_2' title='bbox 241 594 247 601; x_wconf 44' lang='grc'><strong>,</strong></span> <span class='ocrx_word' id='word_1_3' title='bbox 332 533 360 584; x_wconf 90' lang='lat' dir='ltr'><strong>o.</strong></span> <span class='ocrx_word' id='word_1_4' title='bbox 391 529 496 584; x_wconf 79' lang='lat' dir='ltr'><strong>sinn</strong></span> <span class='ocrx_word' id='word_1_5' title='bbox 524 516 690 585; x_wconf 77' lang='lat' dir='ltr'><strong>rrsnrcr</strong></span> 
     </span>
    </p>
   </div>
   <div class='ocr_carea' id='block_1_2' title="bbox 31 644 884 3139">
    <p class='ocr_par' dir='ltr' id='par_1_2' title="bbox 79 644 884 1894">
     <span class='ocr_line' id='line_1_2' title="bbox 142 644 857 719; baseline 0.004 -17"><span class='ocrx_word' id='word_1_6' title='bbox 142 651 274 719; x_wconf 77' lang='lat' dir='ltr'>Nullaque</span> <span class='ocrx_word' id='word_1_7' title='bbox 284 656 340 701; x_wconf 87' lang='lat' dir='ltr'><strong>tam</strong></span> <span class='ocrx_word' id='word_1_8' title='bbox 351 651 444 702; x_wconf 89' lang='lat' dir='ltr'><strong>mitem</strong></span> <span class='ocrx_word' id='word_1_9' title='bbox 456 649 551 702; x_wconf 84' lang='lat' dir='ltr'><strong>credas</strong></span> <span class='ocrx_word' id='word_1_10' title='bbox 562 646 688 701; x_wconf 84' lang='lat' dir='ltr'><strong>habuisse</strong></span> <span class='ocrx_word' id='word_1_11' title='bbox 698 644 857 706; x_wconf 78' lang='lat' dir='ltr'><strong>Tonantem</strong></span> 
     </span>
     <span class='ocr_line' id='line_1_3' title="bbox 79 718 834 787; baseline 0.001 -14"><span class='ocrx_word' id='word_1_12' title='bbox 79 722 86 735; x_wconf 71' lang='grc'><em>“</em></span> <span class='ocrx_word' id='word_1_13' title='bbox 141 720 273 783; x_wconf 86' lang='lat' dir='ltr'>Fulmina,</span> <span class='ocrx_word' id='word_1_14' title='bbox 284 734 335 770; x_wconf 90' lang='lat' dir='ltr'><strong>nec</strong></span> <span class='ocrx_word' id='word_1_15' title='bbox 345 718 452 787; x_wconf 86' lang='lat' dir='ltr'><strong>placido</strong></span> <span class='ocrx_word' id='word_1_16' title='bbox 464 724 601 770; x_wconf 86' lang='lat' dir='ltr'><strong>commota</strong></span> <span class='ocrx_word' id='word_1_17' title='bbox 610 720 732 783; x_wconf 79' lang='lat' dir='ltr'><strong>tonitrua</strong></span> <span class='ocrx_word' id='word_1_18' title='bbox 743 722 834 774; x_wconf 88' lang='lat' dir='ltr'><strong>coelo.</strong></span> 
     </span>
     <span class='ocr_line' id='line_1_4' title="bbox 139 787 825 855; baseline -0.006 -12"><span class='ocrx_word' id='word_1_19' title='bbox 139 790 237 852; x_wconf 84' lang='lat' dir='ltr'><strong>Durat,</strong></span> <span class='ocrx_word' id='word_1_20' title='bbox 249 794 278 840; x_wconf 87' lang='lat' dir='ltr'><strong>et</strong></span> <span class='ocrx_word' id='word_1_21' title='bbox 288 789 424 840; x_wconf 83' lang='lat' dir='ltr'><strong>affirmans</strong></span> <span class='ocrx_word' id='word_1_22' title='bbox 435 802 489 839; x_wconf 90' lang='lat' dir='ltr'><strong>non</strong></span> <span class='ocrx_word' id='word_1_23' title='bbox 499 787 572 838; x_wconf 90' lang='lat' dir='ltr'><strong>ultra</strong></span> <span class='ocrx_word' id='word_1_24' title='bbox 581 787 698 853; x_wconf 79' lang='lat' dir='ltr'><strong>spondet</strong></span> <span class='ocrx_word' id='word_1_25' title='bbox 707 789 735 839; x_wconf 91' lang='lat' dir='ltr'><strong>in</strong></span> <span class='ocrx_word' id='word_1_26' title='bbox 746 789 825 855; x_wconf 83' lang='lat' dir='ltr'><strong>ipsos</strong></span> 
     </span>
     <span class='ocr_line' id='line_1_5' title="bbox 140 855 837 925; baseline -0.001 -14"><span class='ocrx_word' id='word_1_27' title='bbox 140 860 292 912; x_wconf 81' lang='lat' dir='ltr'><strong>Venturam</strong></span> <span class='ocrx_word' id='word_1_28' title='bbox 302 858 452 925; x_wconf 87' lang='lat' dir='ltr'><strong>crebroque</strong></span> <span class='ocrx_word' id='word_1_29' title='bbox 464 856 543 918; x_wconf 87' lang='lat' dir='ltr'><strong>diem,</strong></span> <span class='ocrx_word' id='word_1_30' title='bbox 553 855 637 907; x_wconf 86' lang='lat' dir='ltr'><strong>modo</strong></span> <span class='ocrx_word' id='word_1_31' title='bbox 646 857 737 923; x_wconf 85' lang='lat' dir='ltr'><strong>patria</strong></span> <span class='ocrx_word' id='word_1_32' title='bbox 746 858 837 911; x_wconf 67' lang='lat' dir='ltr'><strong>tintus</strong></span> 
     </span>
     <span class='ocr_line' id='line_1_6' title="bbox 81 925 864 1003; baseline 0.003 -25"><span class='ocrx_word' id='word_1_33' title='bbox 81 927 131 979; x_wconf 68' lang='lat' dir='ltr'><strong>did</strong></span> <span class='ocrx_word' id='word_1_34' title='bbox 142 928 172 978; x_wconf 94' lang='lat' dir='ltr'><strong>ln</strong></span> <span class='ocrx_word' id='word_1_35' title='bbox 183 928 293 983; x_wconf 81' lang='lat' dir='ltr'><strong>dextras</strong></span> <span class='ocrx_word' id='word_1_36' title='bbox 303 928 408 1003; x_wconf 79' lang='lat' dir='ltr'><strong>redcat,</strong></span> <span class='ocrx_word' id='word_1_37' title='bbox 418 942 470 978; x_wconf 87' lang='lat' dir='ltr'><strong>neo</strong></span> <span class='ocrx_word' id='word_1_38' title='bbox 479 926 593 976; x_wconf 82' lang='lat' dir='ltr'>Romam</span> <span class='ocrx_word' id='word_1_39' title='bbox 604 925 764 976; x_wconf 72' lang='lat' dir='ltr'>exscindere</span> <span class='ocrx_word' id='word_1_40' title='bbox 775 926 864 995; x_wconf 79' lang='lat' dir='ltr'><strong>Poeni</strong></span> 
     </span>
     <span class='ocr_line' id='line_1_7' title="bbox 140 993 884 1060; baseline 0.003 -12"><span class='ocrx_word' id='word_1_41' title='bbox 140 996 259 1048; x_wconf 80' lang='lat' dir='ltr'>Credant</span> <span class='ocrx_word' id='word_1_42' title='bbox 269 1011 328 1048; x_wconf 88' lang='lat' dir='ltr'><strong>esse</strong></span> <span class='ocrx_word' id='word_1_43' title='bbox 338 995 424 1060; x_wconf 77' lang='lat' dir='ltr'><strong>nefas.</strong></span> <span class='ocrx_word' id='word_1_44' title='bbox 434 995 486 1047; x_wconf 86' lang='lat' dir='ltr'><strong>Ubi</strong></span> <span class='ocrx_word' id='word_1_45' title='bbox 497 1006 560 1045; x_wconf 79' lang='lat' dir='ltr'><strong>nam</strong></span> <span class='ocrx_word' id='word_1_46' title='bbox 569 1000 634 1045; x_wconf 85' lang='lat' dir='ltr'><strong>tune</strong></span> <span class='ocrx_word' id='word_1_47' title='bbox 644 993 758 1046; x_wconf 85' lang='lat' dir='ltr'><strong>fulmina</strong></span> <span class='ocrx_word' id='word_1_48' title='bbox 766 997 884 1050; x_wconf 81' lang='lat' dir='ltr'><strong>tandem</strong></span> 
     </span>
     <span class='ocr_line' id='line_1_8' title="bbox 139 1065 748 1127; baseline -0.005 -9"><span class='ocrx_word' id='word_1_49' title='bbox 139 1066 236 1118; x_wconf 82' lang='lat' dir='ltr'><strong>lnvioti</strong></span> <span class='ocrx_word' id='word_1_50' title='bbox 246 1065 357 1117; x_wconf 87' lang='lat' dir='ltr'><strong>latuisse</strong></span> <span class='ocrx_word' id='word_1_51' title='bbox 368 1067 448 1127; x_wconf 83' lang='lat' dir='ltr'><strong>lovis,</strong></span> <span class='ocrx_word' id='word_1_52' title='bbox 460 1079 521 1114; x_wconf 79' lang='lat' dir='ltr'><strong>cuns</strong></span> <span class='ocrx_word' id='word_1_53' title='bbox 531 1069 665 1115; x_wconf 73' lang='lat' dir='ltr'>sterneret</span> <span class='ocrx_word' id='word_1_54' title='bbox 676 1065 748 1115; x_wconf 85' lang='lat' dir='ltr'><strong>ensis</strong></span> 
     </span>
     <span class='ocr_line' id='line_1_9' title="bbox 139 1130 829 1201; baseline 0.004 -17"><span class='ocrx_word' id='word_1_55' title='bbox 139 1134 250 1185; x_wconf 78' lang='lat' dir='ltr'><strong>Aetolos</strong></span> <span class='ocrx_word' id='word_1_56' title='bbox 261 1132 388 1201; x_wconf 73' lang='lat' dir='ltr'><strong>composi</strong></span> <span class='ocrx_word' id='word_1_57' title='bbox 405 1133 459 1194; x_wconf 87' lang='lat' dir='ltr'><strong>ubi,</strong></span> <span class='ocrx_word' id='word_1_58' title='bbox 472 1148 533 1182; x_wconf 85' lang='lat' dir='ltr'><strong>enm</strong></span> <span class='ocrx_word' id='word_1_59' title='bbox 544 1130 689 1197; x_wconf 80' lang='lat' dir='ltr'><strong>Tyrrhena</strong></span> <span class='ocrx_word' id='word_1_60' title='bbox 698 1139 829 1187; x_wconf 85' lang='lat' dir='ltr'><strong>natarent</strong></span> 
     </span>
     <span class='ocr_line' id='line_1_10' title="bbox 140 1200 882 1271; baseline 0.005 -16"><span class='ocrx_word' id='word_1_61' title='bbox 140 1202 244 1271; x_wconf 83' lang='lat' dir='ltr'><strong>Stagna</strong></span> <span class='ocrx_word' id='word_1_62' title='bbox 257 1206 355 1255; x_wconf 77' lang='lat' dir='ltr'><strong>eruore</strong></span> <span class='ocrx_word' id='word_1_63' title='bbox 370 1200 473 1254; x_wconf 73' lang='lat' dir='ltr'><strong>suomi</strong></span> <span class='ocrx_word' id='word_1_64' title='bbox 492 1201 600 1269; x_wconf 77' lang='lat' dir='ltr'><strong>Pugnat</strong></span> <span class='ocrx_word' id='word_1_65' title='bbox 610 1203 824 1270; x_wconf 74' lang='lat' dir='ltr'><strong>promoenibds,</strong></span> <span class='ocrx_word' id='word_1_66' title='bbox 839 1207 882 1259; x_wconf 90' lang='lat' dir='ltr'><strong>in·</strong></span> 
     </span>
     <span class='ocr_line' id='line_1_11' title="bbox 628 1273 798 1335; baseline 0 -13"><span class='ocrx_word' id='word_1_67' title='bbox 628 1273 677 1335; x_wconf 90' lang='lat' dir='ltr'><strong>uit,</strong></span> <span class='ocrx_word' id='word_1_68' title='bbox 784 1289 798 1298; x_wconf 88' lang='lat'><strong>·</strong></span> 
     </span>
     <span class='ocr_line' id='line_1_12' title="bbox 80 1287 762 1408; baseline -0.004 -15"><span class='ocrx_word' id='word_1_69' title='bbox 80 1340 131 1395; x_wconf 67' lang='grc'><strong>615</strong></span> <span class='ocrx_word' id='word_1_70' title='bbox 142 1339 172 1393; x_wconf 85' lang='lat' dir='ltr'><strong>Si</strong></span> <span class='ocrx_word' id='word_1_71' title='bbox 179 1348 274 1405; x_wconf 83' lang='lat' dir='ltr'><strong>rector</strong></span> <span class='ocrx_word' id='word_1_72' title='bbox 285 1339 417 1408; x_wconf 85' lang='lat' dir='ltr'><strong>Superdm</strong></span> <span class='ocrx_word' id='word_1_73' title='bbox 427 1346 471 1391; x_wconf 87' lang='lat' dir='ltr'><strong>tot</strong></span> <span class='ocrx_word' id='word_1_74' title='bbox 481 1341 561 1391; x_wconf 85' lang='lat' dir='ltr'><strong>iactis</strong></span> <span class='ocrx_word' id='word_1_75' title='bbox 570 1287 681 1392; x_wconf 52' lang='lat' dir='ltr'><strong>iuliane</strong></span> <span class='ocrx_word' id='word_1_76' title='bbox 691 1340 762 1403; x_wconf 86' lang='lat' dir='ltr'><strong>telis,</strong></span> 
     </span>
     <span class='ocr_line' id='line_1_13' title="bbox 139 1410 819 1464; baseline 0.004 -2"><span class='ocrx_word' id='word_1_77' title='bbox 139 1412 214 1462; x_wconf 88' lang='lat' dir='ltr'><strong>lnter</strong></span> <span class='ocrx_word' id='word_1_78' title='bbox 223 1418 265 1463; x_wconf 86' lang='lat' dir='ltr'><strong>tot</strong></span> <span class='ocrx_word' id='word_1_79' title='bbox 274 1417 364 1463; x_wconf 87' lang='lat' dir='ltr'><strong>motus</strong></span> <span class='ocrx_word' id='word_1_80' title='bbox 375 1425 423 1461; x_wconf 91' lang='lat' dir='ltr'><strong>eur</strong></span> <span class='ocrx_word' id='word_1_81' title='bbox 434 1425 477 1460; x_wconf 88' lang='lat' dir='ltr'><strong>me</strong></span> <span class='ocrx_word' id='word_1_82' title='bbox 489 1415 585 1460; x_wconf 84' lang='lat' dir='ltr'><strong>contra</strong></span> <span class='ocrx_word' id='word_1_83' title='bbox 596 1425 672 1460; x_wconf 85' lang='lat' dir='ltr'><strong>arma</strong></span> <span class='ocrx_word' id='word_1_84' title='bbox 683 1410 819 1464; x_wconf 85' lang='lat' dir='ltr'><strong>ferentem</strong></span> 
     </span>
     <span class='ocr_line' id='line_1_14' title="bbox 139 1477 759 1548; baseline 0.003 -18"><span class='ocrx_word' id='word_1_85' title='bbox 139 1479 272 1532; x_wconf 82' lang='lat' dir='ltr'><strong>Afflixisse</strong></span> <span class='ocrx_word' id='word_1_86' title='bbox 283 1478 374 1548; x_wconf 66' lang='lat' dir='ltr'><strong>piget!</strong></span> <span class='ocrx_word' id='word_1_87' title='bbox 392 1479 488 1533; x_wconf 84' lang='lat' dir='ltr'><strong>Ventis</strong></span> <span class='ocrx_word' id='word_1_88' title='bbox 499 1477 633 1546; x_wconf 90' lang='lat' dir='ltr'><strong>hiemique</strong></span> <span class='ocrx_word' id='word_1_89' title='bbox 646 1477 759 1547; x_wconf 81' lang='lat' dir='ltr'><strong>fugaces</strong></span> 
     </span>
     <span class='ocr_line' id='line_1_15' title="bbox 141 1548 882 1620; baseline 0.007 -20"><span class='ocrx_word' id='word_1_90' title='bbox 141 1549 343 1618; x_wconf 84' lang='lat' dir='ltr'><strong>Tergadamus.</strong></span> <span class='ocrx_word' id='word_1_91' title='bbox 353 1549 477 1611; x_wconf 74' lang='lat' dir='ltr'><strong>Remeat,</strong></span> <span class='ocrx_word' id='word_1_92' title='bbox 500 1548 882 1620; x_wconf 80' lang='lat' dir='ltr'><strong>naaso,mensillavigorque,</strong></span> 
     </span>
     <span class='ocr_line' id='line_1_16' title="bbox 140 1564 880 1687; baseline 0.007 -17"><span class='ocrx_word' id='word_1_93' title='bbox 140 1619 202 1682; x_wconf 74' lang='lat' dir='ltr'><strong>Qua</strong></span> <span class='ocrx_word' id='word_1_94' title='bbox 216 1617 307 1682; x_wconf 83' lang='lat' dir='ltr'><strong>robis,</strong></span> <span class='ocrx_word' id='word_1_95' title='bbox 324 1634 385 1670; x_wconf 86' lang='lat' dir='ltr'><strong>eum</strong></span> <span class='ocrx_word' id='word_1_96' title='bbox 394 1564 612 1687; x_wconf 52' lang='lat' dir='ltr'><strong>pactaiatrur&#39;n,</strong></span> <span class='ocrx_word' id='word_1_97' title='bbox 633 1633 693 1668; x_wconf 89' lang='lat' dir='ltr'><strong>cum</strong></span> <span class='ocrx_word' id='word_1_98' title='bbox 705 1617 820 1672; x_wconf 78' lang='lat' dir='ltr'><strong>foedera</strong></span> <span class='ocrx_word' id='word_1_99' title='bbox 832 1622 880 1675; x_wconf 78' lang='lat' dir='ltr'><strong>ad·</strong></span> 
     </span>
     <span class='ocr_line' id='line_1_17' title="bbox 459 1693 839 1753; baseline -0.008 -14"><span class='ocrx_word' id='word_1_100' title='bbox 459 1746 463 1753; x_wconf 31' lang='lat'><em>¹</em></span> <span class='ocrx_word' id='word_1_101' title='bbox 610 1693 710 1748; x_wconf 80' lang='lat' dir='ltr'>essent,</span> <span class='ocrx_word' id='word_1_102' title='bbox 834 1730 839 1736; x_wconf 89' lang='lat'>.</span> 
     </span>
     <span class='ocr_line' id='line_1_18' title="bbox 79 1754 862 1825; baseline 0.005 -17"><span class='ocrx_word' id='word_1_103' title='bbox 79 1756 130 1815; x_wconf 69' lang='lat'><strong>(380</strong></span> <span class='ocrx_word' id='word_1_104' title='bbox 141 1757 281 1824; x_wconf 83' lang='lat' dir='ltr'><strong>Integrare</strong></span> <span class='ocrx_word' id='word_1_105' title='bbox 292 1756 364 1806; x_wconf 86' lang='lat' dir='ltr'><strong>acies</strong></span> <span class='ocrx_word' id='word_1_106' title='bbox 372 1755 510 1822; x_wconf 85' lang='lat' dir='ltr'><strong>placitum.</strong></span> <span class='ocrx_word' id='word_1_107' title='bbox 528 1754 573 1807; x_wconf 90' lang='lat' dir='ltr'><strong>Sic</strong></span> <span class='ocrx_word' id='word_1_108' title='bbox 582 1762 697 1823; x_wconf 78' lang='lat' dir='ltr'><strong>pectora</strong></span> <span class='ocrx_word' id='word_1_109' title='bbox 707 1754 843 1825; x_wconf 80' lang='lat' dir='ltr'><strong>dnmmal3</strong></span> <span class='ocrx_word' id='word_1_110' title='bbox 858 1778 862 1783; x_wconf 91' lang='lat'>·</span> 
     </span>
     <span class='ocr_line' id='line_1_19' title="bbox 139 1826 848 1894; baseline 0.003 -16"><span class='ocrx_word' id='word_1_111' title='bbox 139 1827 235 1879; x_wconf 88' lang='lat' dir='ltr'><strong>Donec</strong></span> <span class='ocrx_word' id='word_1_112' title='bbox 245 1829 342 1894; x_wconf 78' lang='lat' dir='ltr'><strong>equum</strong></span> <span class='ocrx_word' id='word_1_113' title='bbox 352 1826 434 1875; x_wconf 85' lang='lat' dir='ltr'>Titan</span> <span class='ocrx_word' id='word_1_114' title='bbox 445 1827 599 1892; x_wconf 83' lang='lat' dir='ltr'><strong>spumantia</strong></span> <span class='ocrx_word' id='word_1_115' title='bbox 608 1826 686 1877; x_wconf 80' lang='lat' dir='ltr'><strong>irena</strong></span> <span class='ocrx_word' id='word_1_116' title='bbox 695 1827 817 1880; x_wconf 79' lang='lat' dir='ltr'><strong>resolvit.</strong></span> <span class='ocrx_word' id='word_1_117' title='bbox 845 1842 848 1849; x_wconf 85' lang='grc'><strong>’</strong></span> 
     </span>
    </p>

    <p class='ocr_par' dir='ltr' id='par_1_3' title="bbox 119 1894 880 2103">
     <span class='ocr_line' id='line_1_20' title="bbox 119 1894 853 1961; baseline 0.005 -14"><span class='ocrx_word' id='word_1_118' title='bbox 119 1906 122 1911; x_wconf 83' lang='grc'><em>“</em></span> <span class='ocrx_word' id='word_1_119' title='bbox 137 1894 196 1947; x_wconf 83' lang='lat' dir='ltr'><strong>Nec</strong></span> <span class='ocrx_word' id='word_1_120' title='bbox 207 1909 261 1945; x_wconf 86' lang='lat' dir='ltr'><strong>nox</strong></span> <span class='ocrx_word' id='word_1_121' title='bbox 273 1896 425 1961; x_wconf 82' lang='lat' dir='ltr'><strong>composuit</strong></span> <span class='ocrx_word' id='word_1_122' title='bbox 436 1910 523 1958; x_wconf 86' lang='lat' dir='ltr'><strong>curas,</strong></span> <span class='ocrx_word' id='word_1_123' title='bbox 535 1910 678 1947; x_wconf 78' lang='lat' dir='ltr'><strong>somnusve</strong></span> <span class='ocrx_word' id='word_1_124' title='bbox 688 1894 853 1951; x_wconf 83' lang='lat' dir='ltr'><strong>frementem</strong></span> 
     </span>
     <span class='ocr_line' id='line_1_21' title="bbox 136 1963 850 2028; baseline 0.004 -12"><span class='ocrx_word' id='word_1_125' title='bbox 136 1965 224 2017; x_wconf 74' lang='lat' dir='ltr'><strong>Ausus</strong></span> <span class='ocrx_word' id='word_1_126' title='bbox 235 1963 309 2015; x_wconf 91' lang='lat' dir='ltr'><strong>adire</strong></span> <span class='ocrx_word' id='word_1_127' title='bbox 319 1965 414 2028; x_wconf 73' lang='lat' dir='ltr'><strong>vnum,</strong></span> <span class='ocrx_word' id='word_1_128' title='bbox 425 1970 453 2016; x_wconf 89' lang='lat' dir='ltr'><strong>et</strong></span> <span class='ocrx_word' id='word_1_129' title='bbox 463 1964 579 2016; x_wconf 87' lang='lat' dir='ltr'><strong>redeunt</strong></span> <span class='ocrx_word' id='word_1_130' title='bbox 589 1980 650 2016; x_wconf 91' lang='lat' dir='ltr'><strong>cum</strong></span> <span class='ocrx_word' id='word_1_131' title='bbox 660 1965 720 2016; x_wconf 91' lang='lat' dir='ltr'><strong>luce</strong></span> <span class='ocrx_word' id='word_1_132' title='bbox 732 1963 850 2019; x_wconf 74' lang='lat' dir='ltr'><strong>firtones.</strong></span> 
     </span>
     <span class='ocr_line' id='line_1_22' title="bbox 136 2032 880 2103; baseline 0.007 -19"><span class='ocrx_word' id='word_1_133' title='bbox 136 2032 241 2085; x_wconf 86' lang='lat' dir='ltr'><strong>Rursus</strong></span> <span class='ocrx_word' id='word_1_134' title='bbox 256 2035 285 2084; x_wconf 93' lang='lat' dir='ltr'><strong>in</strong></span> <span class='ocrx_word' id='word_1_135' title='bbox 301 2048 377 2084; x_wconf 85' lang='lat' dir='ltr'><strong>arma</strong></span> <span class='ocrx_word' id='word_1_136' title='bbox 392 2039 474 2085; x_wconf 84' lang='lat' dir='ltr'><strong>vocat</strong></span> <span class='ocrx_word' id='word_1_137' title='bbox 488 2032 625 2102; x_wconf 87' lang='lat' dir='ltr'><strong>trepidos,</strong></span> <span class='ocrx_word' id='word_1_138' title='bbox 646 2034 798 2103; x_wconf 79' lang='lat' dir='ltr'><strong>clypeoque</strong></span> <span class='ocrx_word' id='word_1_139' title='bbox 822 2043 880 2090; x_wconf 79' lang='lat' dir='ltr'><strong>tre·</strong></span> 
     </span>
    </p>

    <p class='ocr_par' dir='ltr' id='par_1_4' title="bbox 31 2103 876 2376">
     <span class='ocr_line' id='line_1_23' title="bbox 64 2103 872 2157; baseline 0.002 -5"><span class='ocrx_word' id='word_1_140' title='bbox 64 2132 69 2143; x_wconf 70' lang='lat'>=</span> <span class='ocrx_word' id='word_1_141' title='bbox 144 2108 147 2117; x_wconf 95' lang='grc'>’</span> <span class='ocrx_word' id='word_1_142' title='bbox 608 2103 737 2154; x_wconf 88' lang='lat' dir='ltr'><strong>mendum</strong></span> <span class='ocrx_word' id='word_1_143' title='bbox 842 2149 872 2157; x_wconf 91' lang='grc'><strong>,.</strong></span> 
     </span>
     <span class='ocr_line' id='line_1_24' title="bbox 79 2168 832 2238; baseline 0.007 -16"><span class='ocrx_word' id='word_1_144' title='bbox 79 2168 130 2222; x_wconf 82' lang='grc'><strong>685</strong></span> <span class='ocrx_word' id='word_1_145' title='bbox 141 2171 277 2238; x_wconf 82' lang='lat' dir='ltr'><strong>Increpat,</strong></span> <span class='ocrx_word' id='word_1_146' title='bbox 288 2176 369 2238; x_wconf 87' lang='lat' dir='ltr'><strong>atque</strong></span> <span class='ocrx_word' id='word_1_147' title='bbox 380 2171 461 2220; x_wconf 81' lang='lat' dir='ltr'><strong>armis</strong></span> <span class='ocrx_word' id='word_1_148' title='bbox 471 2170 594 2221; x_wconf 86' lang='lat' dir='ltr'><strong>imitatur</strong></span> <span class='ocrx_word' id='word_1_149' title='bbox 603 2185 742 2224; x_wconf 88' lang='lat' dir='ltr'><strong>murmura</strong></span> <span class='ocrx_word' id='word_1_150' title='bbox 751 2173 832 2227; x_wconf 80' lang='lat' dir='ltr'><strong>coeli.</strong></span> 
     </span>
     <span class='ocr_line' id='line_1_25' title="bbox 138 2239 876 2306; baseline 0.003 -16"><span class='ocrx_word' id='word_1_151' title='bbox 138 2240 175 2291; x_wconf 88' lang='lat' dir='ltr'><strong>Ut</strong></span> <span class='ocrx_word' id='word_1_152' title='bbox 184 2254 250 2290; x_wconf 84' lang='lat' dir='ltr'><strong>rero</strong></span> <span class='ocrx_word' id='word_1_153' title='bbox 262 2240 377 2306; x_wconf 88' lang='lat' dir='ltr'><strong>aceepit,</strong></span> <span class='ocrx_word' id='word_1_154' title='bbox 388 2243 498 2289; x_wconf 85' lang='lat' dir='ltr'><strong>tantum</strong></span> <span class='ocrx_word' id='word_1_155' title='bbox 505 2239 642 2291; x_wconf 83' lang='lat' dir='ltr'><strong>confidere</strong></span> <span class='ocrx_word' id='word_1_156' title='bbox 653 2240 729 2293; x_wconf 87' lang='lat' dir='ltr'>Divis</span> <span class='ocrx_word' id='word_1_157' title='bbox 778 2290 781 2295; x_wconf 90' lang='grc'><em>,</em></span> <span class='ocrx_word' id='word_1_158' title='bbox 874 2276 876 2283; x_wconf 87' lang='grc'>-</span> 
     </span>
     <span class='ocr_line' id='line_1_26' title="bbox 31 2308 853 2376; baseline 0.005 -16"><span class='ocrx_word' id='word_1_159' title='bbox 31 2319 33 2322; x_wconf 55' lang='lat'><strong>⁴</strong></span> <span class='ocrx_word' id='word_1_160' title='bbox 136 2310 270 2360; x_wconf 77' lang='lat' dir='ltr'><strong>Ausonios</strong></span> <span class='ocrx_word' id='word_1_161' title='bbox 282 2309 388 2371; x_wconf 81' lang='lat' dir='ltr'><strong>Patres,</strong></span> <span class='ocrx_word' id='word_1_162' title='bbox 400 2308 596 2376; x_wconf 87' lang='lat' dir='ltr'><strong>summissaque</strong></span> <span class='ocrx_word' id='word_1_163' title='bbox 607 2309 700 2361; x_wconf 85' lang='lat' dir='ltr'><strong>Baetis</strong></span> <span class='ocrx_word' id='word_1_164' title='bbox 713 2310 748 2361; x_wconf 90' lang='lat' dir='ltr'><strong>nd</strong></span> <span class='ocrx_word' id='word_1_165' title='bbox 759 2326 823 2365; x_wconf 82' lang='lat' dir='ltr'><strong>oras</strong></span> <span class='ocrx_word' id='word_1_166' title='bbox 850 2316 853 2321; x_wconf 88' lang='lat'>&#39;</span> 
     </span>
    </p>

    <p class='ocr_par' dir='ltr' id='par_1_5' title="bbox 136 2379 841 2448">
     <span class='ocr_line' id='line_1_27' title="bbox 136 2379 841 2448; baseline 0.004 -18"><span class='ocrx_word' id='word_1_167' title='bbox 136 2379 204 2431; x_wconf 77' lang='lat' dir='ltr'><strong>Auri</strong></span> <span class='ocrx_word' id='word_1_168' title='bbox 217 2379 222 2392; x_wconf 84' lang='grc'>’</span> <span class='ocrx_word' id='word_1_169' title='bbox 261 2385 289 2430; x_wconf 87' lang='lat' dir='ltr'><strong>et</strong></span> <span class='ocrx_word' id='word_1_170' title='bbox 298 2383 382 2430; x_wconf 91' lang='lat' dir='ltr'><strong>noctu</strong></span> <span class='ocrx_word' id='word_1_171' title='bbox 392 2391 566 2446; x_wconf 84' lang='lat' dir='ltr'><strong>progressum</strong></span> <span class='ocrx_word' id='word_1_172' title='bbox 577 2380 718 2432; x_wconf 80' lang='lat' dir='ltr'><strong>moenibus</strong></span> <span class='ocrx_word' id='word_1_173' title='bbox 729 2394 841 2448; x_wconf 76' lang='lat' dir='ltr'><strong>agmem</strong></span> 
     </span>
    </p>

    <p class='ocr_par' dir='ltr' id='par_1_6' title="bbox 137 2446 756 2517">
     <span class='ocr_line' id='line_1_28' title="bbox 137 2446 756 2517; baseline 0.002 -18"><span class='ocrx_word' id='word_1_174' title='bbox 137 2446 182 2500; x_wconf 87' lang='lat' dir='ltr'><strong>Sic</strong></span> <span class='ocrx_word' id='word_1_175' title='bbox 238 2456 297 2501; x_wconf 86' lang='lat' dir='ltr'><strong>tare</strong></span> <span class='ocrx_word' id='word_1_176' title='bbox 307 2448 424 2500; x_wconf 79' lang='lat' dir='ltr'><strong>fremens</strong></span> <span class='ocrx_word' id='word_1_177' title='bbox 436 2447 562 2499; x_wconf 88' lang='lat' dir='ltr'><strong>obsessos</strong></span> <span class='ocrx_word' id='word_1_178' title='bbox 573 2451 639 2512; x_wconf 89' lang='lat' dir='ltr'><strong>otia,</strong></span> <span class='ocrx_word' id='word_1_179' title='bbox 648 2449 756 2517; x_wconf 88' lang='lat' dir='ltr'><strong>iamque</strong></span> 
     </span>
    </p>

    <p class='ocr_par' dir='ltr' id='par_1_7' title="bbox 77 2515 864 2793">
     <span class='ocr_line' id='line_1_29' title="bbox 77 2515 831 2580; baseline 0.004 -12"><span class='ocrx_word' id='word_1_180' title='bbox 77 2515 127 2568; x_wconf 82' lang='grc'><strong>690</strong></span> <span class='ocrx_word' id='word_1_181' title='bbox 140 2515 270 2569; x_wconf 83' lang='lat' dir='ltr'><strong>Securum</strong></span> <span class='ocrx_word' id='word_1_182' title='bbox 280 2517 439 2569; x_wconf 79' lang='lat' dir='ltr'>Hannibalis</span> <span class='ocrx_word' id='word_1_183' title='bbox 449 2518 573 2580; x_wconf 84' lang='lat' dir='ltr'><strong>Romam,</strong></span> <span class='ocrx_word' id='word_1_184' title='bbox 583 2519 728 2570; x_wconf 84' lang='lat' dir='ltr'><strong>violentior</strong></span> <span class='ocrx_word' id='word_1_185' title='bbox 736 2519 831 2571; x_wconf 87' lang='lat' dir='ltr'><strong>instat.</strong></span> 
     </span>
     <span class='ocr_line' id='line_1_30' title="bbox 135 2587 864 2655; baseline 0.007 -17"><span class='ocrx_word' id='word_1_186' title='bbox 135 2588 246 2655; x_wconf 88' lang='lat' dir='ltr'><strong>lamque</strong></span> <span class='ocrx_word' id='word_1_187' title='bbox 257 2587 456 2654; x_wconf 84' lang='lat' dir='ltr'><strong>propinquabat</strong></span> <span class='ocrx_word' id='word_1_188' title='bbox 466 2602 552 2648; x_wconf 89' lang='lat' dir='ltr'><strong>muro,</strong></span> <span class='ocrx_word' id='word_1_189' title='bbox 565 2603 625 2639; x_wconf 90' lang='lat' dir='ltr'><strong>cnm</strong></span> <span class='ocrx_word' id='word_1_190' title='bbox 635 2589 738 2655; x_wconf 86' lang='lat' dir='ltr'><strong>Iupiter</strong></span> <span class='ocrx_word' id='word_1_191' title='bbox 748 2603 864 2655; x_wconf 87' lang='lat' dir='ltr'><strong>aegram</strong></span> 
     </span>
     <span class='ocr_line' id='line_1_31' title="bbox 124 2656 831 2724; baseline 0.004 -18"><span class='ocrx_word' id='word_1_192' title='bbox 124 2656 265 2707; x_wconf 74' lang='lat' dir='ltr'><strong>iunonem</strong></span> <span class='ocrx_word' id='word_1_193' title='bbox 277 2657 421 2724; x_wconf 87' lang='lat' dir='ltr'><strong>alloquitur</strong></span> <span class='ocrx_word' id='word_1_194' title='bbox 431 2657 511 2718; x_wconf 88' lang='lat' dir='ltr'><strong>curis,</strong></span> <span class='ocrx_word' id='word_1_195' title='bbox 521 2657 675 2724; x_wconf 88' lang='lat' dir='ltr'><strong>mulcetque</strong></span> <span class='ocrx_word' id='word_1_196' title='bbox 684 2657 831 2713; x_wconf 63' lang='lat' dir='ltr'><strong>monendo,</strong></span> 
     </span>
     <span class='ocr_line' id='line_1_32' title="bbox 123 2723 775 2793; baseline 0.003 -19"><span class='ocrx_word' id='word_1_197' title='bbox 123 2723 252 2785; x_wconf 68' lang='lat' dir='ltr'><strong>gNullnne</strong></span> <span class='ocrx_word' id='word_1_198' title='bbox 267 2723 377 2777; x_wconf 85' lang='lat' dir='ltr'><strong>Sidonio</strong></span> <span class='ocrx_word' id='word_1_199' title='bbox 388 2725 486 2787; x_wconf 83' lang='lat' dir='ltr'><strong>inveni,</strong></span> <span class='ocrx_word' id='word_1_200' title='bbox 495 2726 632 2792; x_wconf 57' lang='lat' dir='ltr'><strong>‚coiuxque</strong></span> <span class='ocrx_word' id='word_1_201' title='bbox 642 2740 775 2793; x_wconf 87' lang='lat' dir='ltr'><strong>sororque</strong></span> 
     </span>
    </p>

    <p class='ocr_par' dir='ltr' id='par_1_8' title="bbox 138 2792 780 2860">
     <span class='ocr_line' id='line_1_33' title="bbox 138 2792 780 2860; baseline 0 -16"><span class='ocrx_word' id='word_1_202' title='bbox 138 2794 209 2844; x_wconf 85' lang='lat' dir='ltr'><strong>Cara</strong></span> <span class='ocrx_word' id='word_1_203' title='bbox 220 2792 292 2856; x_wconf 89' lang='lat' dir='ltr'><strong>mihi,</strong></span> <span class='ocrx_word' id='word_1_204' title='bbox 303 2809 358 2845; x_wconf 92' lang='lat' dir='ltr'><strong>non</strong></span> <span class='ocrx_word' id='word_1_205' title='bbox 368 2794 422 2845; x_wconf 88' lang='lat' dir='ltr'><strong>ulla</strong></span> <span class='ocrx_word' id='word_1_206' title='bbox 430 2808 549 2860; x_wconf 88' lang='lat' dir='ltr'><strong>unquam</strong></span> <span class='ocrx_word' id='word_1_207' title='bbox 560 2796 617 2846; x_wconf 87' lang='lat' dir='ltr'><strong>sine</strong></span> <span class='ocrx_word' id='word_1_208' title='bbox 630 2795 682 2848; x_wconf 78' lang='lat' dir='ltr'><strong>fune</strong></span> <span class='ocrx_word' id='word_1_209' title='bbox 693 2794 780 2845; x_wconf 81' lang='lat' dir='ltr'><strong>feroci</strong></span> 
     </span>
    </p>

    <p class='ocr_par' dir='ltr' id='par_1_9' title="bbox 78 2860 832 3067">
     <span class='ocr_line' id='line_1_34' title="bbox 78 2860 832 2931; baseline 0.003 -19"><span class='ocrx_word' id='word_1_210' title='bbox 78 2860 128 2912; x_wconf 74' lang='lat'><strong>695</strong></span> <span class='ocrx_word' id='word_1_211' title='bbox 139 2862 229 2914; x_wconf 81' lang='lat' dir='ltr'><strong>Addes</strong></span> <span class='ocrx_word' id='word_1_212' title='bbox 240 2862 318 2914; x_wconf 86' lang='lat' dir='ltr'><strong>frena</strong></span> <span class='ocrx_word' id='word_1_213' title='bbox 327 2861 403 2914; x_wconf 73' lang='lat' dir='ltr'><strong>virui</strong></span> <span class='ocrx_word' id='word_1_214' title='bbox 413 2862 507 2914; x_wconf 85' lang='lat' dir='ltr'><strong>Fuerit</strong></span> <span class='ocrx_word' id='word_1_215' title='bbox 517 2863 608 2914; x_wconf 87' lang='lat' dir='ltr'><strong>delere</strong></span> <span class='ocrx_word' id='word_1_216' title='bbox 619 2861 779 2931; x_wconf 81' lang='lat' dir='ltr'><strong>Saguntum,</strong></span> <span class='ocrx_word' id='word_1_217' title='bbox 829 2894 832 2899; x_wconf 91' lang='lat'><em>-</em></span> 
     </span>
     <span class='ocr_line' id='line_1_35' title="bbox 137 2931 756 2999; baseline 0.002 -17"><span class='ocrx_word' id='word_1_218' title='bbox 137 2931 299 2999; x_wconf 79' lang='lat' dir='ltr'><strong>Exsequare</strong></span> <span class='ocrx_word' id='word_1_219' title='bbox 310 2932 398 2999; x_wconf 78' lang='lat' dir='ltr'><strong>Alpes,</strong></span> <span class='ocrx_word' id='word_1_220' title='bbox 403 2933 549 2999; x_wconf 87' lang='lat' dir='ltr'><strong>imponere</strong></span> <span class='ocrx_word' id='word_1_221' title='bbox 559 2931 666 2983; x_wconf 81' lang='lat' dir='ltr'><strong>vincula</strong></span> <span class='ocrx_word' id='word_1_222' title='bbox 676 2946 756 2983; x_wconf 67' lang='lat' dir='ltr'><strong>sciero</strong></span> 
     </span>
     <span class='ocr_line' id='line_1_36' title="bbox 136 2999 751 3067; baseline -0.002 -16"><span class='ocrx_word' id='word_1_223' title='bbox 136 3000 265 3063; x_wconf 81' lang='lat' dir='ltr'><strong>Eridano,</strong></span> <span class='ocrx_word' id='word_1_224' title='bbox 278 2999 390 3053; x_wconf 86' lang='lat' dir='ltr'><strong>foedare</strong></span> <span class='ocrx_word' id='word_1_225' title='bbox 401 3001 484 3053; x_wconf 86' lang='lat' dir='ltr'><strong>lacus.</strong></span> <span class='ocrx_word' id='word_1_226' title='bbox 506 3002 632 3052; x_wconf 81' lang='lat' dir='ltr'><strong>Etiamne</strong></span> <span class='ocrx_word' id='word_1_227' title='bbox 643 3001 751 3067; x_wconf 88' lang='lat' dir='ltr'><strong>parabit</strong></span> 
     </span>
    </p>

    <p class='ocr_par' dir='ltr' id='par_1_10' title="bbox 40 3066 874 3139">
     <span class='ocr_line' id='line_1_37' title="bbox 40 3066 874 3139; baseline 0.005 -19"><span class='ocrx_word' id='word_1_228' title='bbox 40 3110 43 3115; x_wconf 95' lang='lat'><em>.</em></span> <span class='ocrx_word' id='word_1_229' title='bbox 121 3068 251 3123; x_wconf 72' lang='lat' dir='ltr'><strong>Nostros</strong></span> <span class='ocrx_word' id='word_1_230' title='bbox 259 3069 305 3125; x_wconf 86' lang='lat' dir='ltr'><strong>ille</strong></span> <span class='ocrx_word' id='word_1_231' title='bbox 316 3069 421 3135; x_wconf 86' lang='lat' dir='ltr'><strong>domos,</strong></span> <span class='ocrx_word' id='word_1_232' title='bbox 431 3076 541 3124; x_wconf 79' lang='lat' dir='ltr'><strong>nostras</strong></span> <span class='ocrx_word' id='word_1_233' title='bbox 550 3084 725 3139; x_wconf 86' lang='lat' dir='ltr'><strong>perrumpere</strong></span> <span class='ocrx_word' id='word_1_234' title='bbox 736 3066 763 3120; x_wconf 84' lang='lat' dir='ltr'><strong>in</strong></span> <span class='ocrx_word' id='word_1_235' title='bbox 776 3072 874 3127; x_wconf 66' lang='lat' dir='ltr'><strong>arcui</strong></span> 
     </span>
    </p>
   </div>
   <div class='ocr_carea' id='block_1_3' title="bbox 0 0 958 3308">
    <p class='ocr_par' dir='ltr' id='par_1_11' title="bbox 0 0 958 3308">
     <span class='ocr_line' id='line_1_38' title="bbox 0 0 958 3308; baseline 0 0"><span class='ocrx_word' id='word_1_236' title='bbox 0 0 958 3308; x_wconf 95' lang='lat' dir='ltr'><strong> </strong></span> 
     </span>
    </p>
   </div>
  </div>
 </body>
</html>
