1906 3308
137 144 144 150 ’
205 153 674 208 commoneremu-
751 157 801 207 aas

10 270 16 287 ⁸
68 274 199 326 Exscindi
211 279 273 324 ante
284 273 377 325 oculos
390 276 479 340 patiar
490 272 602 325 socialia
612 272 704 324 tectai
810 275 859 324 500

10 357 12 361 ·
68 343 92 394 N
96 359 130 393 on
140 345 180 392 ita
190 359 232 392 me
244 346 349 410 experti
358 345 458 395 Fabius
468 344 598 409 Fabiique
609 345 740 410 magister

10 406 27 457 ἶ
68 412 229 473 turbatum,
240 412 374 478 Hesperio
387 429 449 463 cum
461 411 567 463 clausos
578 411 661 462 milite
672 410 755 464 colles
832 422 837 435 '

10 460 26 551 ξ’,
68 481 256 543 Errasiuictor,
266 495 429 548 sparsosque
440 495 490 546 per
500 495 565 530 arra
574 480 704 531 iuvencos

10 558 12 599 ζ
67 549 175 600 lactare
186 550 308 611 accensis
319 550 455 600 stimulari
465 548 595 599 cornibus*
602 549 687 615 ignes.

67 617 150 668 Haud
161 618 224 667 dum
235 632 328 670 omnes
340 618 431 670 abiere
442 617 506 668 doli.
533 615 776 670 Defenderenobis
806 621 857 670 505

67 683 98 737 Si
109 688 228 754 Capuam
239 692 361 753 ereptum
374 693 430 750 est,
446 686 555 738 dubitur
565 685 734 739 circumdare
744 687 798 739 Ro·
934 680 936 688 '

537 768 617 806 mam.
744 778 748 782 -

65 824 145 876 llaec
156 827 299 892 postquam
310 821 427 891 placita,
436 829 471 875 -et
481 825 569 895 tenuit
578 822 715 875 sententie
723 835 797 876 men·

422 928 425 937 .
534 899 601 954 tem,
636 949 642 955 ,
801 904 804 908 ’

65 959 128 1012 Non
138 965 307 1027 exspectato,
319 959 403 1011 Titan
414 959 477 1011 dum
488 962 595 1028 gurgite
606 959 695 1010 lucem
728 980 731 985 ⁴

11 1063 14 1068 -
65 1027 206 1094 Spirantee
217 1029 354 1096 proterret
363 1045 456 1098 equos,
466 1031 580 1096 impellit
586 1030 614 1080 in
625 1042 723 1096 agmen

64 1098 143 1149 Voce
154 1112 287 1165 manuque
297 1099 379 1162 viros,
390 1105 418 1149 et
429 1105 528 1166 coepta
538 1098 666 1149 immania
675 1095 793 1165 panditrfi
806 1099 856 1150 51ss

65 1165 169 1234 Perge,
191 1181 256 1233 age,
276 1168 353 1218 vince
374 1182 499 1230 omnem,
520 1168 615 1285 npsses’
637 1167 738 1219 virtute
757 1166 796 1238 lap

555 1248 644 1285 orem·
782 1239 789 1279 ἕ

64 1305 111 1365 Et,
123 1307 251 1369 quantum
263 1297 374 1351 humani
385 1306 497 1367 possunt
506 1317 536 1353 se
548 1273 660 1353 tender'e
671 1288 794 1368 preseusffI

64 1372 171 1424 Arduus
182 1369 314 1421 accelera.
341 1369 455 1421 Romam
466 1373 544 1437 petis.
573 1370 635 1421 Hoc
645 1371 699 1421 iter
707 1370 796 1445 Alpesq

26 1490 29 1495 .
64 1439 447 1492 dioecennecstraveretibi.
476 1440 536 1503 Eia,
547 1440 639 1490 incute
648 1440 732 1491 muris
791 1448 797 1509 ξ

64 1507 218 1560 Umbonem
228 1508 326 1574 Iliacis,
338 1509 501 1576 capuaeque
512 1508 631 1575 repende
642 1509 747 1574 ruinae3
789 1509 855 1567 {515

66 1578 155 1638 Quam
165 1578 237 1628 tanti·
245 1575 327 1626 fuerit
339 1577 446 1641 cedere,
456 1584 489 1629 ut
498 1577 605 1630 Palatia
617 1591 721 1640 cernae,
752 1613 761 1618 -

63 1645 103 1698 Et
113 1646 308 1713 demigrantem
319 1647 438 1714 Tarpeia
447 1647 512 1700 sede
526 1649 688 1699 Tonantem.

64 1715 189 1779 instincti
203 1715 356 1784 glomerant
369 1732 486 1787 gressus.
513 1719 601 1771 Roma
611 1713 750 1769 auribueh

533 1793 576 1841 ret

64 1852 153 1904 Roma
164 1852 258 1905 oculis.
285 1854 458 1926 creduntque
468 1857 543 1918 ducis
553 1825 707 1910 sollertibus
717 1857 786 1908 actis

31 1952 34 1992 1
64 1922 159 1986 Aptius
165 1921 196 1971 id
207 1928 344 1987 coeptum,
357 1941 436 1992 mam
448 1929 471 1978 si
482 1929 603 1978 duxisset
613 1926 646 1976 ab
656 1927 716 1993 ipso
733 1936 737 1947 ⁸
805 1925 856 1976 52ss

63 1989 154 2041 Fatali
164 1990 296 2041 Aeneadis
308 2006 413 2060 campo.
441 1994 575 2045 Vulturna
586 1996 672 2053 citato

64 2057 266 2109 'transmittunt
289 2057 351 2111 alno
375 2061 465 2124 vada,
488 2063 673 2130 postremique
698 2059 778 2115 relin-

551 2135 618 2180 uunt
648 2148 651 2153 ·

63 2188 218 2245 Tardandie
228 2193 303 2245 ltelis
314 2145 655 2265 eon-optas'igneQannas.

63 2264 136 2314 Tum
147 2262 267 2314 Sidicino
277 2264 372 2333 legunt
381 2267 532 2332 pernicibus
543 2282 608 2321 arva
616 2264 751 2334 maniplis,

18 2398 22 2404 .
39 2346 42 2352 ·
63 2331 376 2400 Threiciamquecalen,
387 2341 491 2387 restrae
501 2351 520 2405 a
531 2338 717 2400 nominenati,
803 2337 854 2388 525
942 2347 944 2352 ’

63 2398 200 2474 Orithyia,
211 2401 316 2454 domos.
340 2404 412 2455 Hine
422 2404 553 2458 Allifanus
563 2402 663 2458 laccho

61 2469 145 2523 Haud
158 2469 296 2524 inamet'ue
311 2487 389 2542 ager,
404 2472 590 2543 Nymphisque
604 2472 731 2530 habitata
744 2476 794 2531 ce·
856 2466 860 2483 ’

83 2562 86 2565 ·
320 2572 322 2577 f
533 2561 598 2597 sime

61 2573 136 2681 Rura
147 2615 320 2662 evestamum
331 2625 395 2663 mox
405 2617 433 2665 et
442 2613 546 2666 ricinos
556 2615 685 2684 Aquinas,
741 2665 747 2672 .

36 2722 39 2727 .
61 2674 108 2739 Et,
119 2691 188 2746 quae
198 2678 347 2735 fumantem
358 2684 583 2753 texeregigeute,
594 2681 735 2752 Fregellae
787 2760 795 2766 ἱ
