1906 3308
168 501 221 553 ili
340 496 387 557 ,0.
415 494 519 548 ΜῙΛΙ
546 494 711 551 luitici

171 614 226 669 Sed
237 618 348 668 current
358 612 488 680 albusque
498 611 565 674 dies,
575 608 713 679 horaeque
723 628 858 685 serenata

172 687 209 737 Et
217 686 292 737 molli
302 685 411 735 dabitur
420 684 494 732 victu
504 696 614 747 sperare
624 688 774 735 senectam.

129 754 164 806 m
175 757 296 816 Quantas
306 754 364 819 ipse
375 753 450 802 Deus
460 751 548 800 laetos
558 751 698 815 generarit
707 751 736 801 in
746 744 816 804 n'sus

141 878 144 883 ,
172 824 226 876 Res
235 821 345 882 homini,
357 819 489 885 plenaque
499 817 574 868 dedit
583 816 655 868 bona
664 818 767 935 [iendis
777 821 890 873 dextra!

171 893 258 957 Atque
267 889 348 949 idem,
359 887 497 952 exemplar
506 886 573 936 lenis
582 892 671 936 morta
681 887 744 939 ibus
756 891 831 953 ceri,

173 957 372 1024 imperturbata
382 955 504 1021 placidus
512 960 590 1005 tenet
600 955 657 1005 ntia
667 961 769 1009 mente.
948 976 950 1017 3

173 1027 224 1079 illa
239 1040 291 1094 ego
311 1039 384 1087 sum,
402 1020 537 1075 Anchisae
551 1022 695 1141 llancren:l
700 1021 855 1080 Simoentis
875 1026 910 1097 ad·

639 1105 676 1143 un
696 1106 726 1142 ns
922 1122 924 1127 ·

133 1164 167 1213 oe
178 1163 255 1223 Quae
264 1160 349 1220 iunxi,
359 1157 466 1226 generis
477 1156 555 1209 robis
564 1157 636 1209 unde
646 1160 734 1211 editus
745 1166 856 1213 auctor.

175 1232 225 1283 llla
235 1230 286 1296 egb
298 1243 366 1290 sum,
376 1225 584 1294 vertiSuperrim
596 1240 665 1293 quae
673 1242 757 1294 saepe
766 1234 908 1294 parentem

177 1299 254 1348 Nunc
265 1298 322 1347 nris
332 1297 361 1346 in
371 1295 501 1358 formum,
511 1310 582 1345 nunc
593 1296 664 1345 torvi
673 1296 700 1344 in
712 1310 818 1349 cornua
828 1300 910 1349 tauri

176 1367 238 1419 liuc
250 1365 361 1415 adverte
373 1378 461 1415 aures.
489 1364 579 1414 Currit
588 1363 747 1415 mortalibus
757 1378 867 1429 oerum,

176 1434 234 1486 Nec
245 1434 319 1484 nasci
328 1433 370 1483 bis
381 1446 461 1499 posse
472 1432 565 1482 datur:
575 1431 646 1498 fugit
655 1429 732 1495 hora,
742 1435 872 1502 rapitque

134 1502 169 1554 ub
178 1502 327 1553 Tartareus
338 1507 457 1563 torrens3
469 1515 502 1550 ac
511 1514 604 1550 secum
614 1499 686 1550 ferre
697 1500 747 1551 sub
757 1503 880 1565 umbras,

178 1569 270 1638 Siqua
280 1569 369 1619 animo
380 1568 516 1635 placuere,
527 1573 618 1635 negat.
635 1568 701 1628 Quis
710 1568 772 1621 lnce
782 1576 912 1638 suprema

177 1640 316 1691 Dimisissc
327 1653 401 1688 meus
411 1652 472 1688 sero
484 1651 538 1687 nnn
547 1638 660 1704 ingemit
670 1634 771 1687 hornsl

176 1707 325 1774 Postquam
336 1707 475 1767 conticuit,
487 1706 600 1772 finisque
612 1710 654 1756 est
663 1703 857 1770 ndffitcdictis,

178 1777 250 1828 'l'um
261 1777 369 1828 Virtusr
392 1776 530 1839 Quasnam
543 1775 668 1827 iuvenem
677 1772 854 1892 lilorentn’bus,
869 1773 907 1826 in·

665 1848 714 1904 ¹¹²,

135 1914 169 1962 'lb
180 1909 287 1962 Pellicis
296 1912 323 1961 in
335 1908 445 1962 fraudes
456 1857 675 1978 annis,vitneq1lle
685 1910 825 1974 tenebras,

178 1980 228 2030 Cui
237 1980 307 2031 ratio
319 1985 347 2030 et
355 1994 470 2046 nragnae
483 1980 613 2030 coelestin
622 1980 725 2030 semina
736 1982 838 2032 mentis
939 2002 942 2009 ·

178 2048 292 2099 Munere
304 2053 366 2098 sunt
377 2063 509 2098 concessa
518 2047 626 2098 Decimi
636 2049 799 2108 Mortalibus
811 2047 859 2099 alli
944 2090 949 2099 .

180 2120 316 2181 Quantum
330 2116 496 2178 Coelicnlne,
508 2117 666 2167 tantundem
678 2117 838 2168 animalibus
846 2115 894 2167 isti

178 2184 350 2239 Praecellunt
362 2185 475 2234 cunctis.
492 2184 600 2233 Tribuit
610 2200 725 2252 namque
733 2187 794 2252 ipsc
803 2186 909 2237 minora

137 2254 171 2307 ‘lb
182 2255 242 2305 ilos
251 2253 331 2303 terris
341 2251 446 2302 Natura
455 2252 529 2301 Dect
542 2251 591 2302 scd
602 2252 713 2304 foedere
725 2258 804 2304 certo

179 2322 335 2389 Degeneres
347 2320 466 2371 tenebris
478 2320 580 2371 animas
591 2320 729 2372 damnarit
737 2322 860 2377 avernis.

179 2392 223 2454 nt,
233 2393 293 2456 quis
303 2387 424 2441 aetherei
434 2394 559 2440 servatur
568 2391 677 2441 seminis
686 2396 772 2455 ortus,
834 2426 838 2433 .

181 2460 255 2513 coeli
266 2464 346 2526 porta
355 2462 442 2527 patet.
466 2458 594 2511 Referam
605 2459 669 2528 quid
685 2464 785 2510 cuncto
799 2456 911 2511 doman-

648 2533 705 2579 tem

180 2592 465 2663 Amphitryoniademl
476 2595 549 2662 quid,
560 2592 913 2662 cui‚pcstSerasct1ndos

137 2667 172 2716 80
184 2665 296 2731 captivo
306 2664 390 2714 Liber
402 2678 462 2713 cum
472 2664 551 2729 signo
560 2663 677 2714 referret
688 2661 721 2714 ab
732 2664 817 2724 Euro,

160 2766 163 2771 n
181 2735 336 2785 Caucaseae
347 2746 454 2781 currum
464 2730 567 2793 duxere
579 2746 628 2797 per
638 2731 739 2798 oppida
747 2728 851 2797 tigresl

183 2801 253 2863 qnid
265 2800 414 2866 suspiratos
424 2814 524 2866 magno
534 2801 561 2850 in
573 2800 725 2850 discrimine
735 2799 827 2850 nautis

182 2868 308 2921 Ledaeos
318 2867 435 2918 referam
446 2867 559 2930 fratres,
569 2873 741 2934 vestrumque
754 2864 914 2926 Quirinuml

182 2936 278 2989 Nonne
289 2935 377 2996 vides,
390 2933 526 2986 hominum
537 2943 567 2986 ut
579 2935 665 2987 celsos
676 2936 711 2985 ad
721 2935 812 2985 sidera
820 2934 922 2988 vultus·

33 2982 35 2987 ,
142 3003 602 3070 sssmtulentlicus,acsublimin
612 2999 798 3058 linxeritorat
