1906 3308
210 78 462 164 ronrconmu
487 107 570 162 um.
593 109 628 161 x.
733 111 784 162 us

53 234 131 295 Quae
141 229 264 296 Libycos
274 230 364 282 renuit
373 228 475 293 frenos,
487 229 536 281 snb
546 229 664 296 Regibus
677 230 741 280 olim

52 303 141 355 Roma
152 299 213 350 fnit.
241 297 390 364 Sedenim,
402 300 498 350 solium
508 299 650 366 indignata
661 297 786 364 Superbi,

53 372 92 422 Ut
102 373 212 434 sceptra
221 369 321 437 exegit,
332 367 476 419 confestim
486 368 607 436 ingentia
615 367 688 418 bello

57 438 167 489 Clusina
176 452 274 490 venere
284 437 376 488 domo.
405 435 435 488 Si
444 437 567 488 Porsena
576 435 661 487 fondo

56 503 170 557 Auditus
181 506 238 570 tibi,
248 507 272 558 si
282 506 388 568 coelet,
397 507 421 556 si
430 504 522 572 Lydia
534 510 633 556 cestre.
797 501 848 553 485

56 573 115 634 ille,
126 587 178 639 ope
188 575 318 627 Maeonia
327 580 356 624 et
365 574 466 641 populo
477 574 632 639 succinctus¹
643 572 771 635 leuuca,

57 641 186 694 certabat
196 644 289 711 pulsos
299 657 349 707 per
358 643 431 693 belle
439 656 573 708 reponere
584 641 681 707 Reges.

55 709 486 777 Multaadeonequidquumnush
498 710 651 776 pressitque
658 714 790 774 tyrannus

55 778 205 851 lanicplum
219 777 388 830 incumbens.
421 778 475 830 Ubi
489 792 568 896 mog,
584 779 639 828 iam
648 790 718 845 pace
727 788 790 845 pro·

550 845 596 896 ata
636 888 639 892 .
776 844 779 849 '

57 919 251 983 compressere
270 911 348 976 odia,
364 916 394 964 et
407 880 604 1032 positumlcum’
613 909 726 965 foedere
736 905 852 1034 bel-·49⁰

299 1014 302 1019 .
541 996 596 1044 um,

58 1051 258 1118 obsidibusque
269 1050 402 1103 obstricto
413 1048 491 1114 tides,
501 1060 692 1103 mansuescere
704 1051 790 1104 cordo

57 1122 167 1183 Nescia,
177 1135 228 1187 pro
241 1116 351 1187 Superi!
364 1125 393 1172 et
401 1121 439 1171 nil
449 1135 504 1170 non
514 1121 619 1171 immite
630 1124 728 1186 parate

58 1191 133 1243 Gens
144 1189 245 1240 italum
257 1203 307 1255 pro
319 1189 399 1240 laude
410 1188 480 1256 potii
491 1189 539 1240 Bis
551 1188 654 1241 Cloelio
663 1203 744 1241 senos

56 1259 185 1311 Nondum
197 1257 350 1321 complerat
361 1257 493 1321 primaevi
503 1258 628 1322 corporis
638 1271 734 1319 annos,

56 1329 118 1379 Una
128 1324 279 1391 puellarum
289 1323 513 1386 Laurentum,et
522 1325 639 1390 pignora
647 1326 723 1391 pacis
801 1325 854 1378 495

56 1397 132 1449 luter
140 1392 276 1458 virgineas
287 1393 344 1457 regi
354 1392 514 1442 transmissa
524 1396 662 1443 catervas:

56 1465 157 1527 (Facta
166 1461 253 1511 virum
263 1459 342 1522 sileo)
349 1474 413 1526 rege
424 1457 503 1522 haec3
509 1464 537 1510 et
546 1458 667 1522 foedere,
673 1465 702 1510 et
708 1462 795 1525 cunis,

57 1534 96 1586 Et
105 1529 187 1597 ilario
200 1529 308 1595 spretis,
318 1529 462 1579 mirantem
471 1528 597 1579 interrita
607 1526 742 1594 Thybrim

57 1599 201 1662 Tranavit,
212 1596 342 1665 frangens
351 1597 453 1649 undum
463 1597 611 1669 pucriiibus
620 1597 700 1650 uluis.
787 1621 789 1625 ·

58 1671 109 1722 Cui
118 1670 142 1720 si
151 1672 285 1719 mutasset
294 1681 390 1718 sexum
399 1665 513 1729 Natura,
524 1667 626 1719 reverti
804 1667 855 1721 500

57 1737 165 1793 Forsan
176 1735 335 1805 Tyrrhenas
344 1736 395 1788 tibi
404 1750 459 1788 non
468 1737 591 1788 licuisset
599 1737 629 1788 iu
639 1750 712 1801 oras,

57 1806 189 1862 Porsena.
211 1805 266 1858 Sed
276 1807 365 1858 iureui
373 1808 418 1870 (ne
429 1807 480 1858 sim
493 1806 545 1857 tibi
555 1806 674 1874 longior)
680 1804 742 1860 hinc
752 1813 795 1861 cst

56 1876 96 1928 Et
105 1891 190 1942 genus
200 1880 229 1926 et
239 1876 314 1927 clara
322 1877 529 1928 memorandum
539 1878 643 1944 virgine
653 1891 761 1930 nomen.

58 1943 141 1994 Talia
152 1943 215 1993 dum
226 1943 330 2008 pendit,
341 1946 445 1996 vicinus
456 1946 534 2011 purte
546 1945 656 1997 sinistro

57 2009 114 2079 Per
124 2010 242 2060 subitum
251 2013 369 2077 erumpit
379 2006 491 2063 clerinor.
515 2013 656 2065 Permixta
665 2014 744 2066 rainu
803 2012 855 2066 5⁰5

58 2080 134 2132 Inter
145 2083 173 2127 et
182 2091 259 2129 arma
268 2079 355 2130 virum
364 2083 393 2130 ot
402 2080 525 2131 lacerata
536 2080 678 2144 cadavera,
689 2081 778 2136 Pauili

26 2146 29 2155 '
58 2149 196 2202 Eruerant
207 2150 306 2213 corpus
315 2147 407 2198 medic
418 2147 451 2198 dc
462 2153 554 2216 strage
564 2149 710 2200 iacentum.
775 2178 776 2183 =

59 2217 123 2271 Heu
135 2216 194 2282 quis
202 2214 274 2266 erat!
287 2231 368 2283 quom
374 2231 429 2267 nou
436 2217 529 2269 similis
535 2216 617 2268 modo
624 2217 794 2282 Punicatclis

58 2287 173 2354 Agmina
181 2283 314 2337 turbanti!
330 2285 374 2340 vel
385 2300 447 2337 cum
457 2285 605 2337 Taulantia
614 2300 700 2355 regno

103 2355 159 2425 itit,
171 2359 199 2406 et
209 2354 319 2420 illyrico
329 2361 393 2405 sunt
403 2355 497 2406 addita
506 2355 595 2407 vincio
603 2355 736 2425 tyranno!
803 2354 855 2410 51⁰

84 2429 175 2486 ulrero
186 2425 299 2479 canities
310 2427 381 2486 atro,
392 2425 534 2491 arentique
544 2440 642 2477 cruore
781 2452 785 2459 ·

59 2498 208 2566 squalebat
216 2494 312 2558 barba,
323 2499 351 2545 et
362 2493 493 2561 perfracti
502 2494 612 2547 turbiue
622 2495 725 2548 uenies

58 2566 172 2621 Muraiis
180 2565 249 2634 saxi,
261 2568 318 2617 tum
329 2569 390 2619 toto
403 2571 525 2636 corpore
533 2565 649 2620 minus.

51 2635 130 2701 ΨΜ
137 2636 288 2708 imiimi
296 2638 415 2711 aspexit
426 2640 595 2714 geminium
606 2633 724 2712 gnatia
730 2628 843 2685 unctos
