1906 3308
833 398 839 409 ι

99 475 188 549 'aar
335 488 689 561 czsrurrrranrcr
758 560 762 566 ,

135 615 239 666 Terror
253 608 342 664 adbuc
357 611 447 662 inerat
462 607 610 677 Superum,
625 612 865 693 acredolentislr

605 693 688 732 armrs
835 699 841 707 ¹

91 745 125 802 lo
135 749 272 812 Fulmina,
283 752 385 801 stante
396 746 490 799 oculos
501 747 565 798 irati
576 761 668 814 pugna
679 749 824 803 Tonantis.

133 818 252 871 Par-endi
262 824 364 881 tamen,
374 822 404 869 et
414 817 573 884 cuicumque
582 816 740 869 incumbere
748 818 828 871 iusso

21 899 39 957 '-
134 887 260 951 Durabat
269 888 356 954 rigor,
367 901 409 950 ac,
420 885 522 937 sensim
533 883 646 936 diffusus
657 885 692 947 ad
702 901 794 950 aures,
832 944 835 949 ,

134 956 219 1025 Signa
229 955 388 1023 reportandi
400 954 542 1007 crescebat
551 955 579 1006 in
590 954 697 1022 agmine
708 954 813 1008 servor.

133 1024 249 1089 Sic‚.ubi
259 1025 382 1093 perrupit
390 1029 563 1094 stagnantem
574 1023 693 1076 calculus
702 1024 816 1091 undam,

90 1094 123 1145 25
133 1095 255 1162 Exiguos
265 1093 368 1146 format
378 1106 427 1160 per
438 1092 525 1159 prima
532 1090 671 1145 volumina
680 1108 777 1160 gyros,

30 1185 32 1189 ·
132 1164 208 1225 Mor,
219 1161 363 1213 tremulum
372 1161 482 1221 ,vibrans
491 1168 568 1213 motu
579 1161 711 1229 gliscente
722 1161 865 1230 liquorem¹

40 1232 43 1239 '
130 1231 296 1298 Multiplieat
307 1226 419 1282 crebros
428 1231 529 1282 sinuati
539 1231 654 1298 gurgitis
665 1231 761 1297 orbes3

130 1301 226 1352 Donec
237 1304 376 1367 postremo
387 1299 486 1352 laxatis
496 1299 612 1351 circulus
623 1300 678 1352 oria
760 1340 765 1345 .
860 1333 864 1341 ·

46 1404 48 1409 -
130 1369 277 1436 contingat
285 1370 407 1436 geminas
417 1368 511 1437 patulo
523 1370 678 1421 curvamine
689 1369 772 1435 n'pas.

86 1441 120 1493 30
128 1440 164 1492 At
175 1444 273 1492 contra
280 1439 432 1507 Argyripae
443 1452 556 1505 pravum
566 1437 665 1501 decus,
675 1438 782 1502 (inclita
791 1454 859 1493 nam

620 1521 654 1559 ue

129 1575 240 1641 Semina
250 1574 283 1625 ab
297 1574 391 1625 Oenea
401 1570 523 1627 ductoris
534 1522 619 1642 stirp}
629 1573 759 1628 trahebat
791 1632 794 1637 ,

126 1645 229 1709 Aetoli)
240 1644 325 1695 Dasio
338 1641 390 1694 luit
399 1639 472 1694 haud
482 1644 601 1711 ignobile
612 1659 721 1708 nomon,
818 1688 824 1696 .

128 1714 233 1777 Laetus
245 1728 342 1780 opum,
351 1712 400 1763 sed
412 1713 509 1777 clauda
518 1713 596 1777 fides,
606 1729 721 1783 seseque
732 1713 835 1767 calenti

127 1784 276 1836 Addiderat
286 1782 390 1846 Poeno,
400 1781 499 1834 Latiae
510 1782 614 1836 diffisus
625 1781 758 1835 habenae.
793 1804 798 1809 ·

85 1851 167 1917 atis,
178 1853 288 1905 volvens
299 1849 421 1913 veterum
428 1858 580 1904 memorata
591 1854 703 1920 antiqua
712 1858 865 1920 parentum,

128 1922 238 1990 Longo,
249 1920 335 1983 miles,
346 1921 399 1984 ait,
411 1926 538 1988 quateret
548 1936 610 1973 cum
621 1922 742 1973 Teucria
750 1922 836 1973 bello‘
852 1950 858 1959 ·

128 1992 281 2062 Pergama,
296 1989 370 2044 etad
384 2005 477 2043 muros
492 1995 580 2043 staret
590 1991 648 2043 sirie
664 1992 796 2060 sanguine
807 1991 865 2045 Ma·

600 2075 675 2124 vora,
859 2112 862 2117 ,

129 2127 259 2181 Sollicitis
271 2125 386 2179 Calchas
397 2128 473 2190 (nam
484 2128 525 2183 sie
535 2127 701 2181 fortissimus
711 2123 795 2180 heros

127 2197 258 2251 Poscenti
268 2211 366 2248 socero
377 2209 460 2261 saepe
470 2197 542 2246 inter
552 2198 653 2262 pocula
663 2199 761 2250 Dauno
848 2230 852 2235 -

85 2269 121 2322 40
130 2265 268 2319 Narrabat
276 2265 394 2320 memori
401 2263 549 2337 Diomedes
561 2267 673 2319 condita
683 2269 786 2330 mente)
799 2312 808 2331 ‚⁶

131 2335 185 2388 Sed
196 2331 312 2386 Calchas
323 2331 441 2394 Danais,
451 2332 504 2384 nisi
514 2332 635 2386 clausum
646 2351 662 2388 e
672 2336 781 2388 sedibus
793 2336 865 2390 arcis

128 2405 287 2456 Armisoaae
300 2406 396 2454 curent
405 2400 585 2471 simulacrum
592 2405 707 2460 avellere
717 2405 819 2466 Diraer

124 2474 192 2527 Non
202 2487 321 2542 unquam
331 2472 450 2524 affirmat
460 2470 647 2540 Therapnaeis
657 2473 821 2526 llionsrmis

129 2547 284 2606 Cessurum,
296 2547 344 2594 aut
352 2541 447 2594 Ledae
458 2541 609 2594 rediturum
619 2557 719 2595 nomen
728 2542 865 2608 Amyclas.

40 2630 45 2637 ·
85 2613 119 2667 45
133 2615 239 2680 Quippe
250 2613 317 2664 Deis
327 2608 424 2675 vnum,
435 2626 469 2663 na
480 2612 524 2663 cui
535 2627 711 2695 perrumpere
723 2611 812 2675 detur,

128 2683 242 2750 Effigies
255 2696 366 2749 eaquae
376 2693 495 2748 unquam
506 2680 668 2749 possedant,
678 2681 771 2734 urbas.
815 2718 817 2722 .
842 2684 858 2706 ²

128 2753 200 2803 Tum
215 2766 292 2803 meus
304 2751 432 2803 adiuncto
443 2755 624 2802 monstratam
633 2753 721 2803 erasit
732 2751 763 2803 in
773 2762 865 2803 arcear

129 2821 252 2887 Tydides
263 2819 369 2882 Ithaco,
380 2825 422 2882 et,
433 2819 531 2871 dextra
541 2820 651 2872 molitus
661 2821 760 2888 inipso
794 2850 796 2855 ·

129 2890 262 2942 Custodes
273 2889 349 2942 aditu
358 2889 462 2956 templi,
473 2887 593 2941 coeleste
603 2894 728 2956 reportat

84 2958 119 3012 50
129 2959 294 3021 Palladium,
309 2974 342 3010 ac
352 2959 453 3011 nostris
464 2960 552 3026 aperit
563 2958 636 3011 mala
644 2959 780 3026 Pergama
789 2955 863 3010 tntis

111 3051 114 3063 ‹
128 3028 198 3082 Nam
209 3035 354 3099 postquam
365 3029 494 3083 Oenotris
508 3027 632 3083 frmdarit
645 3027 743 3080 finibus
759 3027 864 3085 urbem,
