1906 3308
40 40 87 105 rr

204 107 482 169 PUNIGORUM
514 80 595 163 cru.
616 111 663 164 rx.
762 113 814 166 non

43 218 53 227 Ψ
83 229 201 286 Mincius
210 229 303 280 infelix
314 231 387 280 ausi:
399 230 446 280 sed
458 230 584 292 stridula,
594 229 721 282 anhelum

84 301 232 353 Fervorem
243 299 396 361 effundens,
407 301 521 349 monstri
531 315 625 349 uranus
638 302 748 352 obstulit
758 304 815 354 ae1i

83 368 247 435 Implicitum
256 382 337 431 nexu,
349 369 461 435 diroque
472 367 597 434 ligamine
608 371 697 433 torsit,

85 436 124 489 Et
133 451 245 503 superas
255 436 309 488 alte
319 439 447 487 miserum
456 436 575 486 iaculata
585 452 635 503 per
646 453 726 491 auras
825 438 876 491 630

86 505 191 556 Telluri
202 505 272 556 elisis
283 505 380 556 afflixit
388 504 503 568 (flebile)
514 505 649 556 membris.
677 504 680 509 '

86 574 146 625 Has
155 574 226 633 inter
237 574 327 635 clades
338 577 396 625 viso
406 573 530 625 Varrone
540 575 589 624 sub
601 576 682 626 armis
717 600 718 603 ¹

86 643 255 710 increpitans
271 638 395 706 Pontus,
414 641 484 704 Quin
497 642 568 692 imus
584 644 760 709 comunimus,
778 644 817 696 in·

85 757 87 762 .
557 711 623 777 quit,

83 778 204 834 Ductori
214 776 313 843 Tyrio,
324 791 404 844 quem
413 778 534 829 vinctum
547 780 617 830 colla
628 781 731 831 catenis

87 848 229 901 staturum
239 851 301 896 anto
312 850 374 896 tuos
386 860 480 896 currus
491 849 662 912 promisimus
673 847 751 901 urbii
827 849 877 902 tat

57 930 59 935 ’
86 919 149 971 ileu
167 916 272 986 patria,
292 911 346 965 heu
359 913 454 981 plebes
470 915 618 979 scelerata,
641 923 669 968 et
683 916 818 986 proraia-

86 1053 170 1111 Haud
178 1068 298 1121 unquam
310 1052 438 1120 expedies
450 1052 506 1103 tam
517 1000 590 1103 (1qu
591 984 820 1117 ralgltemalorum,

87 1124 175 1185 Quem
185 1123 235 1174 tibi
245 1137 299 1173 non
311 1123 386 1173 nasci
397 1122 479 1173 fuerit
491 1137 539 1189 per
550 1130 615 1175 vota
623 1123 779 1190 petendum,

79 1194 257 1257 ‚Varronem
278 1191 492 1249 Hannibalemne
513 1194 614 1260 magis„
642 1193 716 1244 Dum
737 1192 804 1243 talin

555 1261 675 1322 Paullu's,
796 1302 798 1306 Α

86 1332 172 1396 Urget
182 1327 345 1396 praecipites
354 1325 451 1391 Libys,
463 1325 545 1394 atquo
554 1329 583 1378 in
593 1332 805 1394 tergaruentum
827 1326 878 1379 640

85 1401 155 1450 Ante
167 1396 260 1447 oculos
271 1400 383 1445 cunctas
395 1393 515 1445 ductoris
527 1397 647 1445 eoncitat
655 1394 758 1448 hastas.

86 1467 216 1520 Pulsatur
225 1463 313 1533 galea,
323 1464 351 1513 ct
362 1463 519 1530 quatiuntur
530 1463 652 1516 Consulis
663 1478 758 1514 arma.-

87 1536 181 1588 Acrius
193 1533 245 1584 hoc
256 1531 366 1584 Paullus
377 1531 480 1583 medios
492 1532 547 1583 ruit
557 1548 637 1598 asper
646 1533 674 1583 in
685 1530 797 1584 hostes:

88 1607 159 1657 Tum
170 1617 235 1654 vero
247 1615 377 1653 excussus
387 1605 514 1663 mentem,
524 1602 552 1651 in
564 1603 713 1653 certamina
723 1601 819 1654 Paullo

86 1676 154 1727 Avia
164 1672 284 1735 diducto,
297 1671 431 1722 convertit
441 1670 539 1733 Varro,
550 1686 685 1739 manuque
740 1687 742 1691 ·
828 1668 879 1723 tlt
947 1695 949 1701 ι

88 1739 593 1812 Cornipedeminllectens,Das,inquit,
600 1743 697 1807 patria,
708 1755 820 1808 poenas,

87 1813 173 1876 Quae,
184 1811 269 1864 Fabio
280 1809 417 1872 incolumi,
428 1809 579 1862 Varronem
591 1810 819 1861 adbellarooasti.

88 1882 228 1943 Quaenam
238 1885 329 1930 autem
339 1878 437 1929 mentis
443 1915 451 1941 ,
462 1878 506 1929 vel
516 1894 585 1946 qnae
596 1879 732 1930 discordia
742 1877 810 1930 istit

87 1950 289 2014 Parcarumque
299 1947 387 1997 latens
396 1945 471 1998 frans
482 1947 540 1998 esti
550 1948 820 2015 Abrumperecnneta

87 2016 248 2068 Iamdudum
258 2029 320 2064 cum
329 2015 389 2065 lnce
399 2013 474 2065 libet.
492 2013 547 2066 Sed
557 2017 711 2083 comprimit
722 2030 814 2068 ensem
828 2014 879 2067 65⁰

66 2082 69 2087 ’
88 2084 190 2145 Nescio
200 2084 246 2149 qui
256 2081 342 2143 Deus,
355 2087 383 2132 et
393 2096 481 2132 meme
493 2083 528 2132 ad
539 2085 666 2150 graviora
676 2090 807 2135 reservat.

87 2151 238 2207 Vivamnei
248 2155 277 2201 et
287 2148 391 2200 fractos
402 2165 565 2217 sparsosque
578 2166 674 2202 cruore
684 2166 808 2202 meorum

87 2223 148 2275 Hos
159 2220 277 2273 referam
287 2218 388 2285 populo
398 2217 505 2269 iaseesl
517 2225 598 2287 atquo
610 2235 659 2271 ora
668 2235 718 2287 per
728 2221 810 2272 nrbes

88 2294 177 2345 iratas
188 2286 339 2357 spectanda
348 2285 437 2339 dabui
448 2293 484 2350 et,
496 2303 549 2355 quo
560 2285 667 2344 sacvius
677 2290 736 2355 ipse
771 2306 777 2315 .

87 2360 226 2414 Hannibal
235 2356 307 2410 haud
317 2362 428 2427 poscat,
441 2355 543 2425 fugiam
551 2364 654 2480 ,deaei
671 2357 771 2422 Roma,
780 2357 878 2480 ν’ἰ-655
910 2413 913 2420 r

88 2498 172 2553 Plura
179 2495 364 2564 indignantem
372 2494 435 2546 telis
446 2495 617 2562 propioribus
627 2495 726 2547 hostes

88 2564 726 2639 Egere,etsonipesrapuitlaxatuslraimnas.
788 2631 791 2635 .
