1906 3308
168 520 220 577 81⁰
299 534 301 539 ·
358 521 387 570 G.
417 517 521 571 SlLll
548 519 716 572 lThLlCI
801 526 850 615 ’,ἱ

169 635 304 705 Propulsa
313 636 416 688 invadit
426 638 548 704 piscator
559 637 667 689 caerula
679 630 790 706 cymba.

79 736 82 743 ·
111 708 161 760 625
174 706 219 758 Sic
230 708 339 756 tandem
350 711 471 773 ereptam
482 707 582 757 morbis
593 709 781 773 grassantibus
791 718 886 764 mmet
934 728 937 733 ·

46 774 51 795 ’
170 775 316 826 Marcellus
326 775 433 839 pubem,
445 774 567 825 lustratis
578 776 629 824 rite
638 777 772 842 maniplis.
810 811 817 843 ι

172 846 353 895 Circumstant
363 843 467 893 alacres
478 844 563 909 signa,
574 843 725 911 auditisque
734 845 869 899 tubarum

173 910 391 978 Respirantlaeti
402 911 582 977 clangoribus.
608 912 666 960 itur
675 913 702 961 in
712 910 837 979 hostem3
894 926 897 931 ’

173 981 218 1042 Et,
229 981 252 1029 si
263 978 321 1029 fata
330 978 428 1041 ierant,
438 979 514 1028 iuvat
523 979 594 1029 inter
602 979 706 1044 proelia
716 979 792 1031 ferro
847 984 855 993 ‘

114 1048 164 1100 oto
174 1049 259 1099 Posse
269 1049 347 1096 mori
375 1044 485 1097 Socidm
497 1048 619 1108 miseret,
635 1048 679 1113 qui
692 1053 767 1098 sorte
778 1047 909 1115 pudenda

173 1118 205 1168 ln
214 1130 317 1166 morem
327 1114 462 1182 pecudum
473 1114 592 1165 effudere
605 1113 735 1165 cubilibus
745 1117 815 1167 atris

173 1184 334 1236 illaudatam
346 1184 470 1233 animam.
487 1182 617 1233 Tumulus
628 1180 817 1251 inhonoraque
826 1184 910 1238 busta

175 1253 340 1317 llespiciunt,
352 1256 389 1312 et,
400 1250 443 1301 vel
452 1251 524 1302 nullo
536 1252 652 1302 iacuisse
664 1251 800 1317 sepulcro,
845 1270 859 1283 r

177 1321 264 1381 Quam
275 1319 403 1371 debellari
415 1318 525 1381 morbis,
537 1320 635 1385 placet
662 1319 754 1369 Ardua
763 1321 871 1387 primus

117 1386 167 1441 635
177 1388 219 1438 Ad
228 1403 319 1438 muros
329 1388 384 1438 dux
394 1390 471 1455 signa
481 1389 562 1454 rapit.
589 1389 715 1437 Tenuata
723 1388 851 1459 iacendo,

176 1457 214 1508 Et
224 1457 311 1506 macie
322 1456 407 1523 galeis
419 1456 588 1506 abscondunt
599 1470 656 1518 ora,
667 1456 820 1524 malusque,
843 1514 846 1519 ,

177 1524 219 1576 Ne
229 1525 265 1574 sit
274 1539 336 1591 spes
345 1523 427 1586 hosti,
437 1525 544 1575 velatur
554 1525 660 1574 casside
672 1524 769 1590 pallor.
928 1526 932 1531 '

177 1593 323 1645 Iniundunt
333 1592 454 1659 rapidum
466 1593 600 1644 convulsis
610 1593 750 1643 moenibus
761 1607 871 1662 agmen,
929 1592 934 1601 '

178 1663 364 1728 condensique
375 1668 467 1713 ruunt:
478 1667 521 1713 tot
533 1660 611 1712 bellis
620 1662 693 1712 invia
702 1666 787 1725 tecta,

118 1730 168 1782 640
179 1732 287 1798 Totque
298 1746 351 1781 uno
362 1732 474 1781 introitu
487 1732 629 1796 capiuntur
639 1729 730 1780 militis
741 1744 830 1781 arces.

177 1801 288 1860 Tutum,
300 1814 352 1865 qua
362 1796 468 1848 vehitur
478 1800 569 1860 Titan,
581 1814 634 1849 non
644 1797 701 1848 ulla
711 1812 761 1863 per
771 1798 867 1851 orbem
879 1862 882 1866 Ι
906 1792 911 1801 ’

124 1925 126 1928 ,
178 1869 250 1919 Tum
259 1882 319 1918 sese
330 1865 482 1918 Isthmiacis
494 1871 656 1934 aequassent
666 1865 768 1932 oppida
777 1868 869 1918 tectis.

179 1937 236 1987 Tot
246 1934 358 1986 delubra
367 1935 465 1997 Derim,
474 1941 570 2001 totquc
579 1935 770 1985 intramocnia
780 1940 888 2000 portus,
914 1936 917 1941 '

178 2004 254 2055 Adde
264 2003 333 2066 lora,
345 2009 373 2054 ct
384 2003 462 2054 celsis
473 2010 603 2069 suggesta
612 2001 721 2053 theatra
732 2003 875 2067 columnis,

120 2072 171 2124 645
183 2074 376 2138 certantesque
386 2072 455 2121 mari
464 2072 558 2133 moles,
570 2072 639 2122 addo
652 2072 744 2121 ordine
755 2070 841 2137 longo

180 2142 337 2191 innumeras
348 2140 489 2205 spatioque
499 2139 604 2200 domos,
616 2153 733 2206 aequare
744 2138 888 2209 superbas·

179 2208 261 2258 Rura.
291 2206 370 2268 Quid,
379 2207 497 2256 inclusos
509 2212 635 2272 porrecto
643 2208 727 2257 limite
737 2207 827 2274 longis

178 2274 342 2336 Porticibus,
352 2288 447 2324 sacros
456 2275 581 2325 iuvenum
594 2276 741 2326 certamine
751 2272 849 2327 lucosi

180 2344 251 2407 Quid
261 2348 304 2394 tot
313 2343 425 2409 captivis
435 2341 567 2410 fulgentia
577 2343 693 2394 culmina
703 2341 817 2394 rostrisi

120 2414 170 2464 (iili
180 2415 313 2479 Armaque
324 2412 378 2462 lixa
388 2411 469 2475 Deis,
485 2417 533 2463 aut
544 2426 612 2478 quae
623 2409 812 2462 Marathonius
822 2408 910 2463 hastis

179 2482 315 2541 Perdidit,
326 2485 373 2531 aut
383 2479 473 2545 Libya
483 2492 552 2547 quae
562 2485 625 2530 sunt
636 2479 751 2530 advecta
761 2474 894 2532 subactai

179 2551 233 2600 Hic
243 2548 414 2616 Agathocleis
424 2549 503 2600 sedes
515 2548 754 2614 ornatatropaeis:

179 2619 234 2669 Hic
243 2620 323 2669 mites
333 2617 461 2668 Hieronis
473 2631 554 2682 opes:
565 2614 609 2667 hic
620 2620 716 2668 sancta
726 2618 850 2677 vetustas
945 2636 951 2647 ·

179 2686 319 2736 Artificum
329 2686 459 2736 manibus.
487 2684 548 2735 Non
558 2701 671 2753 usquam
682 2684 783 2737 clarior
791 2683 838 2736 illo

121 2754 170 2806 oti
184 2752 279 2804 Gloria
288 2755 409 2819 picturae
422 2753 503 2805 seclo.
531 2751 594 2803 Non
605 2752 817 2813 ucraiurabant,
846 2766 849 2771 ·

182 2822 258 2884 Quae
270 2823 370 2872 scirem
379 2819 517 2888 Ephyren,
527 2819 601 2872 iulro
612 2827 730 2872 certaret
740 2826 772 2872 ut
782 2831 850 2871 auro

180 2889 281 2950 Vastis,
292 2890 424 2954 spirantes
434 2889 555 2942 referens
567 2889 716 2942 subtemine
728 2888 828 2956 vultus,

183 2959 260 3018 Quae
271 2956 347 3006 radio
357 2957 446 3008 caelat
456 2958 591 3024 babylon,
603 2958 646 3008 vel
654 2959 756 3008 murice
766 2957 842 3024 picto

182 3025 376 3091 LaetaTyros,
387 3041 508 3096 quaeque
518 3026 640 3080 Attalicis
650 3026 755 3077 variata
763 3039 814 3093 per
824 3030 912 3077 artem
