1906 3308
105 430 108 435 ,
203 372 453 428 ronrcoron
476 371 560 443 arn.
586 332 675 429 xvrs
702 340 707 345 ’
731 336 735 345 Χ
756 330 807 428 aas

75 492 226 557 Nestoret,
238 498 286 546 aot
295 493 389 557 ebore,
399 498 448 546 sut
457 492 544 546 solido
552 494 806 561 quirinoeretaaro,

77 563 233 616 Gaetulisre
243 564 329 630 magis
340 561 449 614 fucaret
457 562 542 615 tellus
553 561 654 617 ahenis.

75 634 135 685 Has
141 632 287 698 adiungere
298 631 473 697 opesavidos,
485 637 668 698 reputansque
673 629 805 695 laborem,

77 700 107 752 Si
117 705 207 751 vertat
217 714 265 750 rex
277 699 311 749 ad
321 700 439 761 Poenos,
451 700 517 749 dare
527 699 588 750 vela
598 714 647 765 per
659 699 743 750 altum
768 740 778 769 ι

76 771 211 837 imperat,
230 773 313 838 atque
327 769 417 820 animo
432 769 488 819 iarn
502 773 560 820 turn
570 768 662 838 Africa
674 768 747 822 bella
762 783 807 820 ce·
833 837 850 890 8

487 846 490 854 ¹
567 839 641 889 assit.
816 839 867 889 10

30 910 36 920 “
76 853 808 975 νοωηιυδὶρετνοηωιη,θῒῂοτωξῐεηυεηεαῐίηω,

76 976 143 1037 lam,
154 977 260 1042 trepida
269 975 375 1044 fugiens
387 991 436 1043 per
447 977 572 1043 proxima
581 972 663 1026 litora
672 989 772 1042 poppe,

76 1043 233 1095 Hasdrubal
242 1043 349 1095 afflictis
360 1045 456 1097 aderat
465 1060 536 1095 nova
546 1044 661 1095 foedera
671 1058 804 1110 quaerens
871 1103 879 1111 Ἰ

76 1112 177 1174 Rebus,
197 1116 225 1162 ct
237 1113 270 1161 ad
282 1114 383 1177 'syrios
394 1113 527 1178 Massylia
537 1115 616 1181 signa
626 1111 762 1163 trahebat.

75 1180 725 1249 Audito,pariterpopulornm'inregnaduonun
816 1178 867 1231 185

76 1249 222 1301 Advenisse
234 1248 324 1313 duces,
336 1251 452 1317 quitata
461 1251 532 1301 mole
542 1250 677 1313 laborent,

75 1317 288 1386 Disceptentque
300 1321 391 1383 armis,
401 1326 536 1373 terrarum
547 1324 609 1375 uter
617 1317 808 1386 imperotorbi,
836 1372 845 1383 „

76 1386 170 1438 Celsus
179 1392 268 1455 niente
280 1386 394 1456 Syphax
404 1390 488 1439 acciri
496 1390 524 1439 in
536 1394 613 1439 tecta
622 1388 738 1457 henigne

75 1455 205 1520 Imperat,
216 1461 243 1506 et
252 1460 330 1509 tanto
341 1459 418 1525 regni
428 1472 458 1508 se
469 1458 541 1508 tollit
551 1456 664 1508 honore.

76 1524 148 1574 ‘l'um
156 1523 246 1578 laetos
255 1527 366 1577 volvens
377 1526 472 1576 oculos
483 1525 598 1578 adversa
608 1540 725 1592 perora,
816 1523 869 1578 190

76 1589 239 1647 Siclratium
248 1595 347 1648 affatur
358 1596 492 1658 iuvenem,
504 1595 717 1662 acpriorincipit
724 1593 808 1646 ultro:

78 1662 167 1726 Quam
176 1670 212 1726 te,
222 1664 379 1725 Dardanide
389 1661 577 1729 pulcherrime,
590 1669 679 1713 mente
691 1677 789 1714 serena

78 1734 197 1799 Accipio,
207 1731 472 1799 intueorqueiibens!
484 1746 617 1799 quamque
624 1731 811 1782 orarecordor

77 1801 184 1860 Laetus
195 1798 347 1868 Scipiadae.
369 1801 492 1852 Revocat
502 1806 551 1851 tua
559 1801 649 1852 fornia
659 1806 810 1867 parentem,

77 1869 147 1922 Narn
156 1876 261 1938 repeto,
272 1870 422 1921 Herculeas
433 1868 550 1935 Erythia
561 1870 595 1920 ad
605 1869 687 1920 litora
698 1858 790 1921 Gades
816 1867 869 1922 195

78 1941 145 1991 curn
154 1938 244 1991 studio
255 1939 345 2006 pelagi
356 1944 384 1989 et
396 1939 550 2004 spectandis
561 1938 680 1990 aestibus
691 1937 780 1991 undae

76 2008 228 2072 venissem,
240 2023 352 2076 magnos
363 2009 453 2059 vicina
464 2009 499 2060 ad
508 2007 618 2059 flumina
629 2007 723 2058 Baetis
735 2007 743 2014 '

75 2075 214 2129 Ductores
224 2078 292 2128 rniro
305 2077 441 2146 quondam
451 2093 495 2129 me
506 2092 616 2130 cernere
628 2091 730 2129 amore.

77 2146 149 2197 Tum
158 2144 224 2196 mihi
234 2146 306 2197 dona
316 2148 367 2197 viri
377 2147 480 2214 praeda
490 2147 597 2198 delecta
607 2147 703 2210 tulere,

75 2215 158 2266 Arma
168 2213 254 2276 simul,
266 2230 403 2283 regnoque
414 2221 543 2267 meatum
554 2215 664 2282 cognita
673 2215 789 2281 primurn
817 2215 869 2266 too

78 2282 260 2350 Cornipedem
268 2282 360 2350 frena,
377 2289 460 2352 atque
471 2298 564 2346 acus,
581 2287 640 2350 qais
651 2284 749 2337 cedere
760 2298 809 2338 ao·

547 2357 605 2404 stra

76 2416 138 2471 Non
147 2422 249 2470 norunt
257 2417 356 2481 iacula,
368 2426 395 2471 et
404 2424 512 2473 veteres
522 2421 642 2472 tribucre
652 2418 799 2487 magistros

75 2488 200 2548 Militiae,
212 2489 257 2554 qui
268 2488 472 2554 dispersassine
482 2490 544 2557 lege
555 2494 680 2540 catervas

75 2556 178 2609 Vestro
188 2555 338 2617 formarent
348 2558 403 2607 ritu
412 2557 448 2609 ed
460 2558 609 2609 cortanna
619 2558 726 2610 Martis.
902 2603 905 2608 .

77 2625 127 2676 Ast
136 2638 198 2691 ego,
210 2639 272 2674 cum
282 2630 373 2676 restro
380 2627 419 2687 (in
427 2628 528 2679 nostris
539 2641 609 2694 quac
618 2627 806 2697 copiaregnis)
816 2625 869 2679 2⁰5

75 2692 156 2744 Nunc
167 2693 225 2743 auri
237 2692 346 2756 ferrem,
357 2695 427 2744 nivei
439 2711 509 2746 nunc
518 2708 631 2746 munera
640 2695 738 2758 dentis,

76 2760 121 2813 Nil
131 2761 203 2812 valui
213 2761 347 2827 precibus.
375 2760 514 2815 Solossibi
528 2764 600 2830 cepit
610 2768 735 2834 uterque,

77 2824 310 2892 Quoscohibeb'at
320 2830 387 2882 ebur
397 2833 510 2899 vaginae
520 2833 632 2897 sectilis,
642 2847 730 2885 enses.
776 2870 778 2874 v

77 2900 177 2966 Quae,
189 2899 347 2968 ageradus
357 2897 550 2965 hobenostros
556 2901 658 2957 intrem
668 2905 793 2971 penates,

295 3154 300 3163 ι
560 3142 568 3153 ι
914 3146 918 3151 .

77 3200 84 3207 ι
469 3192 478 3209 Ι
562 3189 565 3195 ”
