1906 3308
242 121 493 178 PUNICORUM
520 121 600 175 LIB.
624 114 685 175 xil.
781 126 831 177 261

76 254 81 299 i
100 246 170 299 Siste
189 246 285 297 virum.
321 242 444 311 Namque
462 244 509 307 (ut
528 243 632 324 cernis)
653 245 708 296 iam
726 244 833 313 flagitat

87 333 90 336 ⁴
577 326 664 378 ignes,

99 385 134 435 Et
145 388 225 450 parat
236 381 357 434 accensis
367 379 469 431 imitari
480 377 592 449 fulmina
602 379 725 437 flammis.
841 384 891 434 7⁰0

98 453 150 503 His
160 452 250 514 dictis,
261 456 354 519 grates
365 451 430 517 agit,
443 464 475 499 ac
485 448 597 500 turbata
606 465 657 517 per
668 465 749 507 auras

97 521 225 584 Desolat,
238 525 266 572 et
276 534 375 588 prensa
384 519 490 570 iuvenis
500 516 628 570 Saturnia
637 519 743 584 dextra,

100 591 160 652 Quo
171 591 236 653 ruis,
248 605 265 641 o
275 588 389 640 uecors?
405 588 564 656 maioraque
573 587 645 639 bella
654 591 783 657 capessis,
800 638 804 646 ,

97 658 207 712 Mortali
219 672 300 726 quam
311 657 384 708 ferre
394 655 505 707 datum?
523 657 591 708 luno
601 658 696 726 inqiut,
707 665 736 711 et
746 665 834 711 atram

95 729 218 780 Dimovit
229 727 336 788 nubem,
345 728 602 797 veroqueapparuit
612 741 660 778 ore
842 725 894 778 too

96 796 158 849 Non
168 796 218 847 tibi
228 811 289 846 cum
299 792 420 862 Phrygio
432 809 477 844 res
486 795 652 848 Laurentive
663 796 771 861 colono,

95 867 147 929 En,
158 879 219 933 age,
229 865 369 930 (namque,
377 863 462 914 oculis
474 869 567 915 amota
575 865 647 916 nube
656 880 811 934 parumper,

97 937 216 988 Cernere
226 939 326 985 cuncta
337 931 421 996 dabo)
431 933 585 1001 surgitque
596 934 683 986 celsus
695 935 730 986 ad
742 932 832 1003 auras,

94 1006 201 1073 Aspice,
212 1003 312 1053 montis
324 1015 404 1068 apex,
414 1000 540 1052 vocitato
549 1002 657 1054 Palatia
666 1005 726 1073 regi

95 1070 243 1126 Parrhasio
253 1072 335 1139 plena
346 1076 421 1122 tenet
431 1076 459 1122 et
468 1077 614 1122 resonante
625 1069 764 1140 pharetra,
840 1073 893 1123 alo

94 1143 268 1208 intenditque
280 1154 382 1202 arcum,
394 1145 422 1191 et
431 1156 469 1208 pu
507 1156 536 1191 os
547 1140 695 1194 meditatur
704 1143 808 1212 Apollo.

95 1213 139 1274 At,
150 1227 205 1279 qua
212 1209 307 1261 vicinis
317 1209 389 1260 tollit
399 1224 429 1260 se
440 1224 472 1260 co
495 1210 553 1260 'bus
565 1210 637 1262 altae

95 1281 177 1333 Molis
187 1279 343 1340 Aventinus,
353 1277 449 1340 vidcn’,
460 1284 492 1329 ut
500 1278 621 1330 Latonia
630 1280 707 1347 virgo

95 1350 231 1400 Accensae
243 1347 349 1415 quatiat
359 1344 565 1414 Phlegethontis
577 1350 684 1416 gurgite
695 1347 800 1410 taedas,

95 1418 230 1472 Exscrtos
241 1415 318 1468 avide
329 1429 436 1483 pugnae
447 1415 549 1466 nudata
558 1414 696 1469 lacertosi
843 1416 894 1467 ¹115

96 1487 180 1541 Parte
190 1485 251 1549 alia,
263 1499 353 1548 cerne,
364 1490 396 1535 ut
404 1485 493 1536 saevis
505 1485 640 1539 Gradivus
649 1488 677 1538 io
689 1488 769 1538 armis
879 1480 888 1499 ⁸
918 1494 921 1498 “

96 1546 220 1624 implerit
230 1555 333 1606 dictum
343 1555 454 1622 proplio
467 1554 501 1606 de
512 1557 620 1608 nomine
631 1571 765 1624 campum.

97 1624 169 1679 Hinc
185 1621 266 1678 lanus
280 1629 374 1699 movet
389 1637 465 1677 arma
478 1639 575 1690 manu,
590 1632 683 1691 movet
696 1626 759 1678 iude
770 1625 834 1688 Qui·
892 1666 902 1697 Ι.

335 1748 337 1755 ,
568 1711 653 1758 rmus,
837 1719 841 1725 ·

98 1765 218 1834 Quisque
236 1778 287 1817 suo
300 1763 342 1823 ,do
363 1762 432 1817 colle
446 1763 531 1816 Deus.
566 1763 622 1818 Sed
643 1765 714 1818 em'm
732 1764 834 1830 aspice,

586 1840 685 1888 uentus

97 1851 894 1972 Aegidacommoveatnimbosflamrilaasquevomentcm72ss

98 1972 210 2036 Iupiter,
222 1977 251 2021 ct
262 1973 368 2038 quantis
379 1977 476 2039 pascat
486 1971 561 2024 ferus
570 1973 676 2041 ignibus
686 1973 751 2023 iras.

99 2039 162 2089 Huc
172 2038 261 2089 vultus
271 2037 362 2101 flecte,
370 2046 452 2106 atque
461 2040 531 2090 aude
541 2042 834 2108 spectore'Ponantem,

100 2108 174 2168 Quas
185 2105 296 2170 hiemes,
307 2113 423 2176 quantos
433 2122 566 2159 concusso
577 2111 679 2160 vertice
690 2108 779 2159 cernis

98 2174 154 2240 Sub
165 2181 232 2226 nutu
241 2174 371 2227 tonitrus!
391 2175 483 2226 Oculis
496 2178 542 2243 qui
551 2176 671 2244 fulgurat
679 2175 774 2243 ignisi,

98 2245 170 2297 cede
181 2245 248 2296 Deis
258 2245 377 2307 tandem,
389 2249 417 2296 et
428 2245 539 2296 Titania
549 2246 641 2298 desine
651 2246 730 2297 bella
843 2241 895 2294 725

98 2313 144 2365 Sic
156 2312 240 2365 effata
250 2315 346 2376 vinum,
356 2313 500 2365 indocilem
511 2316 641 2382 pacisque
653 2315 789 2383 modique,

96 2384 244 2434 Mirantem
255 2381 389 2449 Supemlm
400 2383 490 2434 vultus
502 2390 530 2453 et
540 2383 666 2435 flammea
677 2383 807 2446 membre,

97 2449 246 2514 Abstnuhit,
257 2467 290 2502 ac
299 2467 395 2517 pacem
404 2453 485 2503 terris
498 2453 630 2522 coeloque
641 2454 757 2520 reponit.

96 2519 265 2588 Respectans
277 2520 342 2583 abit,
353 2527 381 2572 et
392 2523 489 2572 castris
500 2522 593 2574 avulsa
603 2523 705 2581 moueri

98 2586 181 2656 Signa
190 2589 266 2641 iubet
276 2590 382 2654 ductor,
393 2597 631 2661 remeaturumque
668 2594 768 2643 inotum
841 2589 892 2642 'iio

96 2656 229 2711 Redditur
238 2659 374 2727 extemplo
384 2658 545 2729 flagrantior
555 2607 668 2715 aether&
676 2661 789 2730 lampas,

813 2762 830 2783 S
