1906 3308
144 498 198 554 aso
337 458 500 551 esturmi
528 495 697 553 rrrnrcr

146 617 283 671 advertisse
293 630 344 671 suo
355 615 481 685 cognorit
491 614 569 669 deria
578 616 660 683 rollo,

146 688 303 740 llaesurum
313 687 400 753 portis
410 686 672 751 Poenumzvenisse,
683 686 809 755 superbo
912 729 913 732 ,

147 758 201 819 Qui
210 755 290 808 fratri
301 762 396 819 certet,
408 756 453 806 oui
463 757 582 807 maxima
591 756 681 824 gloria
691 756 778 811 cedat
812 784 818 791 ·

85 824 137 881 59⁰
147 827 228 879 Urbis
239 826 359 877 deletae:
370 824 463 876 fremit
473 840 565 881 amens
575 825 659 877 eorde
669 824 721 887 sub
732 826 794 883 lnro

145 896 349 957 OrdoPatrum,
362 909 395 945 ac
406 909 506 961 magno
517 896 624 945 interea
634 894 890 951 meditaturamore
913 953 917 962 ,

145 963 278 1017 Servandi
287 963 404 1025 decoris,
415 978 534 1030 quonam
544 978 574 1015 se
585 964 638 1015 fine
648 963 767 1017 uriudutl
871 1012 875 1017 .

145 1032 264 1086 Seruitio
276 1034 383 1098 eripiat,
394 1032 532 1100 Divosque
543 1032 642 1083 evadat
651 1032 770 1098 iniquos.

144 1103 206 1154 Hos
216 1103 288 1154 inter
297 1103 414 1169 gemitus
425 1101 541 1152 obscuro
552 1102 641 1153 noetis
651 1114 764 1167 opacae·

85 1170 136 1226 ⁵95
149 1170 278 1223 Succedit
288 1171 386 1221 cestris
396 1168 480 1231 Nero,
493 1184 562 1237 quae
574 1170 720 1221 coniuncte
730 1166 825 1223 feroei
924 1222 930 1241 ,

145 1241 240 1292 Livius
251 1238 417 1289 Hasdrubali
428 1238 499 1288 vallo
512 1238 626 1289 custodo
635 1238 758 1289 tenebat.

145 1306 886 1375 Belligerisquondam,scitusqueaceendurelliarten
936 1314 941 1357 ἱ

146 1377 292 1430 Floruerat
301 1377 388 1441 plinio
400 1376 488 1426 clarus
498 1381 635 1443 pugnator
645 1376 674 1425 in
685 1388 766 1427 aevo.
842 1392 845 1397 ’
939 1376 944 1443 ᾗ

145 1448 214 1498 Mox
224 1444 294 1496 falso
304 1446 393 1496 laesus
405 1459 463 1495 non
470 1446 549 1512 aequi
560 1445 671 1496 erimine
679 1442 765 1513 vulgi,

86 1512 138 1568 000
148 1514 268 1567 Secretis
278 1514 450 1567 ruristristes
463 1512 645 1565 absconderat
655 1516 756 1567 annos,

146 1582 211 1648 Sed,
222 1586 366 1650 postquam
378 1582 489 1649 gravior
497 1582 583 1634 moles
595 1588 738 1649 terrorque
748 1582 855 1649 perlelo

145 1651 286 1705 Poscebat
296 1652 424 1722 propiore
435 1651 531 1714 virum,
542 1656 688 1703 revocatus
698 1650 733 1703 ad
743 1666 825 1705 arma
840 1668 848 1679 ·
934 1655 947 1709 ,ἶ

145 1724 204 1774 Tot
215 1722 302 1774 caesis
314 1721 436 1782 ducibus,
447 1721 552 1787 patriae
564 1720 715 1779 donaverat
723 1720 804 1773 iram.
945 1716 948 1731 ¹

145 1793 180 1843 tlt
189 1807 243 1842 non
254 1791 453 1843 Hasdrubalem
464 1788 573 1841 fraudes
584 1790 689 1842 latuere
700 1796 845 1843 recentum

85 1859 137 1914 605
148 1863 305 1923 Armorum,
320 1873 473 1929 quanquam
483 1859 602 1909 tenebris
612 1872 667 1909 nox
678 1862 787 1909 texerat
798 1864 882 1911 utres..
946 1874 950 1883 ·

144 1930 269 1982 Pulveris
279 1930 306 1979 in
317 1930 420 1995 clypeis
431 1928 547 1994 vestigia
558 1929 615 1978 visa
626 1926 782 1991 movebant,

58 2050 61 2055 ,
145 1999 183 2051 Et
193 1999 303 2065 properi
313 2000 419 2065 signum
431 2012 573 2059 accursus,
587 1996 765 2064 sonipesque,
776 1996 881 2067 virique

146 2066 293 2120 Substrioti
304 2082 412 2134 corpus,
421 2065 463 2117 bis
474 2067 576 2117 olorum
586 2065 706 2117 buccina
715 2066 833 2132 signum.
861 2110 864 2115 .
942 2116 947 2135 ¹

145 2136 295 2189 Praeterea
305 2138 412 2204 gemino
423 2136 575 2202 prodebant
585 2136 678 2186 iuncta
687 2136 821 2202 magistro

84 2204 137 2261 010
148 2207 244 2257 Castra
254 2206 321 2272 regi.
349 2205 462 2267 Verum,
473 2204 552 2254 fratri
562 2205 584 2254 si
595 2205 652 2254 vita
661 2205 790 2271 supersit,
873 2200 876 2205 ’

146 2274 201 2335 Qui
211 2273 322 2323 tandem
332 2272 436 2323 licitum
446 2273 536 2323 socios
548 2274 713 2341 coniungere
721 2274 794 2325 vires

144 2339 322 2395 Consulibusl
334 2339 389 2392 Sed
399 2342 645 2405 enimsolupr(du1n
651 2357 717 2393 vere
723 2344 882 2409 patescant)

144 2410 296 2464 Cunctandi
305 2414 409 2461 restare
420 2410 521 2476 dolum,
532 2412 703 2480 Martemque
713 2408 848 2465 trahendi.
884 2466 887 2471 ,

143 2482 204 2535 Nec
215 2481 339 2534 consulta
348 2478 431 2547 fugae
442 2482 519 2547 segni
528 2480 672 2532 formidine
683 2478 784 2531 differt.

83 2552 136 2611 ⁶15
148 2552 219 2615 Nox,
230 2551 318 2603 somni
328 2549 455 2617 genitrix,
465 2550 593 2601 mortalia
603 2555 718 2615 pectora
728 2548 800 2599 euris

143 2622 289 2689 Purgarat,
301 2619 484 2684 tenebraeque
495 2616 632 2671 horrenda
641 2617 750 2669 silentia
756 2615 880 2670 alebaut=

143 2691 250 2758 Erepit,
259 2703 393 2755 suspensa
403 2686 494 2739 ferens
505 2688 629 2755 vestigia,
641 2688 748 2753 caetris,

142 2759 182 2813 Et
193 2764 269 2810 muta
281 2758 351 2809 elabi
361 2757 447 2810 tacito
457 2757 533 2809 iubet
543 2758 652 2825 agmina
660 2771 752 2824 passu.

143 2827 258 2880 lllunern
268 2828 342 2881 noeti
353 2843 402 2894 per
410 2842 477 2879 rura
487 2827 608 2878 tacentia
618 2831 729 2877 noctem

82 2896 135 2951 020
147 2896 316 2959 detulerant,
326 2899 465 2963 vitantque
477 2911 573 2947 sonos:
584 2895 632 2946 sed
643 2896 748 2961 percita
758 2893 817 2947 falli

143 2963 199 3017 Sub
210 2969 287 3015 tanto
297 2972 374 3017 motu
384 2967 463 3017 tellus
474 2967 574 3032 nequit.
604 2964 728 3030 lmplicat
738 2969 817 3015 actus

144 3036 234 3089 caeco
246 3047 339 3089 errore
349 3037 416 3103 sias,
426 3035 582 3107 umbrisque
592 3032 742 3089 ferentibus
752 3038 815 3087 arto
