<?xml version="1.0" encoding="UTF-8"?>
<!DOCTYPE html PUBLIC "-//W3C//DTD XHTML 1.0 Transitional//EN"
    "http://www.w3.org/TR/xhtml1/DTD/xhtml1-transitional.dtd">
<html xmlns="http://www.w3.org/1999/xhtml" xml:lang="en" lang="en">
 <head>
  <title>
</title>
<meta http-equiv="Content-Type" content="text/html;charset=utf-8" />
  <meta name='ocr-system' content='tesseract 3.04.00' />
  <meta name='ocr-capabilities' content='ocr_page ocr_carea ocr_par ocr_line ocrx_word'/>
</head>
<body>
  <div class='ocr_page' id='page_1' title='image "./caiisiliiitalic01italgoog_0237.png"; bbox 0 0 1906 3308; ppageno 0'>
   <div class='ocr_carea' id='block_1_1' title="bbox 174 489 755 572">
    <p class='ocr_par' dir='ltr' id='par_1_1' title="bbox 174 489 755 572">
     <span class='ocr_line' id='line_1_1' title="bbox 174 489 755 572; baseline -0.005 -1"><span class='ocrx_word' id='word_1_1' title='bbox 174 520 225 572; x_wconf 75' lang='lat'><strong>256</strong></span> <span class='ocrx_word' id='word_1_2' title='bbox 367 517 396 569; x_wconf 92' lang='lat' dir='ltr'><strong>c.</strong></span> <span class='ocrx_word' id='word_1_3' title='bbox 425 514 528 569; x_wconf 79' lang='lat' dir='ltr'><strong>sinu</strong></span> <span class='ocrx_word' id='word_1_4' title='bbox 555 510 717 571; x_wconf 74' lang='lat' dir='ltr'><strong>li&#39;smcl</strong></span> <span class='ocrx_word' id='word_1_5' title='bbox 747 489 755 503; x_wconf 84' lang='grc'><em>”</em></span> 
     </span>
    </p>
   </div>
   <div class='ocr_carea' id='block_1_2' title="bbox 31 615 918 1389">
    <p class='ocr_par' dir='ltr' id='par_1_2' title="bbox 113 615 915 991">
     <span class='ocr_line' id='line_1_2' title="bbox 113 615 868 706; baseline -0.004 -13"><span class='ocrx_word' id='word_1_6' title='bbox 113 615 165 693; x_wconf 79' lang='lat' dir='ltr'><strong>sao</strong></span> <span class='ocrx_word' id='word_1_7' title='bbox 174 638 286 706; x_wconf 82' lang='lat' dir='ltr'><strong>Agmine</strong></span> <span class='ocrx_word' id='word_1_8' title='bbox 297 635 567 702; x_wconf 80' lang='lat' dir='ltr'><strong>carpunturrolucri.</strong></span> <span class='ocrx_word' id='word_1_9' title='bbox 586 635 653 687; x_wconf 82' lang='lat' dir='ltr'><strong>Fert</strong></span> <span class='ocrx_word' id='word_1_10' title='bbox 662 628 788 689; x_wconf 86' lang='lat' dir='ltr'><strong>concitus</strong></span> <span class='ocrx_word' id='word_1_11' title='bbox 798 637 868 691; x_wconf 82' lang='lat' dir='ltr'><strong>inde</strong></span> 
     </span>
     <span class='ocr_line' id='line_1_3' title="bbox 171 704 903 774; baseline 0 -14"><span class='ocrx_word' id='word_1_12' title='bbox 171 708 301 774; x_wconf 82' lang='lat' dir='ltr'><strong>Periugo</strong></span> <span class='ocrx_word' id='word_1_13' title='bbox 310 705 384 756; x_wconf 87' lang='lat' dir='ltr'><strong>celsa</strong></span> <span class='ocrx_word' id='word_1_14' title='bbox 393 704 517 772; x_wconf 89' lang='lat' dir='ltr'><strong>gradum,</strong></span> <span class='ocrx_word' id='word_1_15' title='bbox 529 704 602 755; x_wconf 90' lang='lat' dir='ltr'><strong>duris</strong></span> <span class='ocrx_word' id='word_1_16' title='bbox 613 719 667 771; x_wconf 90' lang='lat' dir='ltr'><strong>qua</strong></span> <span class='ocrx_word' id='word_1_17' title='bbox 676 706 791 771; x_wconf 87' lang='lat' dir='ltr'><strong>rupibus</strong></span> <span class='ocrx_word' id='word_1_18' title='bbox 802 704 903 760; x_wconf 78' lang='lat' dir='ltr'><strong>liceret</strong></span> 
     </span>
     <span class='ocr_line' id='line_1_4' title="bbox 173 773 892 839; baseline -0.007 -9"><span class='ocrx_word' id='word_1_19' title='bbox 173 776 296 830; x_wconf 87' lang='lat' dir='ltr'><strong>Bellator</strong></span> <span class='ocrx_word' id='word_1_20' title='bbox 304 774 429 836; x_wconf 76' lang='lat' dir='ltr'>Frusino,</span> <span class='ocrx_word' id='word_1_21' title='bbox 442 778 470 825; x_wconf 90' lang='lat' dir='ltr'><strong>et</strong></span> <span class='ocrx_word' id='word_1_22' title='bbox 479 773 566 839; x_wconf 84' lang='lat' dir='ltr'><strong>surgit</strong></span> <span class='ocrx_word' id='word_1_23' title='bbox 578 787 709 838; x_wconf 85' lang='lat' dir='ltr'><strong>suspensa</strong></span> <span class='ocrx_word' id='word_1_24' title='bbox 720 777 843 827; x_wconf 87' lang='lat' dir='ltr'><strong>tumenti</strong></span> <span class='ocrx_word' id='word_1_25' title='bbox 884 826 892 834; x_wconf 75' lang='grc'><strong><em>,</em></strong></span> 
     </span>
     <span class='ocr_line' id='line_1_5' title="bbox 173 841 781 909; baseline -0.003 -12"><span class='ocrx_word' id='word_1_26' title='bbox 173 845 264 897; x_wconf 88' lang='lat' dir='ltr'><strong>Dorso</strong></span> <span class='ocrx_word' id='word_1_27' title='bbox 275 841 413 909; x_wconf 83' lang='lat' dir='ltr'><strong>frugiferis</strong></span> <span class='ocrx_word' id='word_1_28' title='bbox 425 841 543 894; x_wconf 82' lang='lat' dir='ltr'><strong>Cerealis</strong></span> <span class='ocrx_word' id='word_1_29' title='bbox 554 842 676 908; x_wconf 80' lang='lat' dir='ltr'><strong>Anagnia</strong></span> <span class='ocrx_word' id='word_1_30' title='bbox 685 841 781 909; x_wconf 82' lang='lat' dir='ltr'><strong>glebis.</strong></span> 
     </span>
     <span class='ocr_line' id='line_1_6' title="bbox 172 910 915 991; baseline -0.003 -24"><span class='ocrx_word' id='word_1_31' title='bbox 172 916 284 980; x_wconf 82' lang='lat' dir='ltr'><strong>lenique</strong></span> <span class='ocrx_word' id='word_1_32' title='bbox 300 912 370 963; x_wconf 87' lang='lat' dir='ltr'><strong>adeo</strong></span> <span class='ocrx_word' id='word_1_33' title='bbox 387 916 431 962; x_wconf 88' lang='lat' dir='ltr'><strong>est</strong></span> <span class='ocrx_word' id='word_1_34' title='bbox 445 912 557 977; x_wconf 83' lang='lat' dir='ltr'><strong>campos</strong></span> <span class='ocrx_word' id='word_1_35' title='bbox 571 910 710 991; x_wconf 76' lang='lat' dir='ltr'><strong>ingressus</strong></span> <span class='ocrx_word' id='word_1_36' title='bbox 728 917 758 982; x_wconf 86' lang='lat' dir='ltr'><strong>et</strong></span> <span class='ocrx_word' id='word_1_37' title='bbox 774 926 847 965; x_wconf 81' lang='lat' dir='ltr'><strong>arro</strong></span> <span class='ocrx_word' id='word_1_38' title='bbox 862 912 915 965; x_wconf 80' lang='lat' dir='ltr'><strong>La·</strong></span> 
     </span>
    </p>

    <p class='ocr_par' dir='ltr' id='par_1_3' title="bbox 31 978 918 1184">
     <span class='ocr_line' id='line_1_7' title="bbox 31 978 852 1118; baseline -0.006 -14"><span class='ocrx_word' id='word_1_39' title='bbox 31 1040 45 1048; x_wconf 37' lang='lat'><strong>&#39;⁵</strong></span> <span class='ocrx_word' id='word_1_40' title='bbox 113 1053 163 1104; x_wconf 80' lang='lat'><strong>535</strong></span> <span class='ocrx_word' id='word_1_41' title='bbox 174 1051 312 1118; x_wconf 86' lang='lat' dir='ltr'><strong>Linqueus</strong></span> <span class='ocrx_word' id='word_1_42' title='bbox 323 1046 456 1114; x_wconf 81' lang='lat' dir='ltr'>Telegoni</span> <span class='ocrx_word' id='word_1_43' title='bbox 464 1045 587 1114; x_wconf 77' lang='lat' dir='ltr'><strong>pulsatos</strong></span> <span class='ocrx_word' id='word_1_44' title='bbox 598 978 799 1111; x_wconf 61' lang='lat' dir='ltr'><strong>ariellllllsuros,</strong></span> <span class='ocrx_word' id='word_1_45' title='bbox 841 1052 852 1099; x_wconf 88' lang='grc'><strong>.’</strong></span> 
     </span>
     <span class='ocr_line' id='line_1_8' title="bbox 172 1114 918 1184; baseline -0.004 -13"><span class='ocrx_word' id='word_1_46' title='bbox 172 1119 255 1172; x_wconf 85' lang='lat' dir='ltr'><strong>Haud</strong></span> <span class='ocrx_word' id='word_1_47' title='bbox 270 1117 379 1184; x_wconf 88' lang='lat' dir='ltr'><strong>dignam</strong></span> <span class='ocrx_word' id='word_1_48' title='bbox 393 1117 465 1167; x_wconf 86' lang='lat' dir='ltr'><strong>inter</strong></span> <span class='ocrx_word' id='word_1_49' title='bbox 481 1119 558 1166; x_wconf 88' lang='lat' dir='ltr'><strong>tanta</strong></span> <span class='ocrx_word' id='word_1_50' title='bbox 571 1130 686 1167; x_wconf 86' lang='lat' dir='ltr'><strong>moram.</strong></span> <span class='ocrx_word' id='word_1_51' title='bbox 715 1114 780 1167; x_wconf 90' lang='lat' dir='ltr'><strong>&#39;Nec</strong></span> <span class='ocrx_word' id='word_1_52' title='bbox 797 1132 918 1174; x_wconf 76' lang='lat' dir='ltr'><strong>amoena</strong></span> 
     </span>
    </p>

    <p class='ocr_par' dir='ltr' id='par_1_4' title="bbox 116 1189 852 1389">
     <span class='ocr_line' id='line_1_9' title="bbox 116 1189 852 1325; baseline -0.008 -16"><span class='ocrx_word' id='word_1_53' title='bbox 116 1240 124 1261; x_wconf 40' lang='lat' dir='ltr'><strong>l</strong></span> <span class='ocrx_word' id='word_1_54' title='bbox 173 1255 277 1325; x_wconf 79' lang='lat' dir='ltr'><strong>Algida,</strong></span> <span class='ocrx_word' id='word_1_55' title='bbox 289 1214 339 1304; x_wconf 88' lang='lat' dir='ltr'><strong>nec</strong></span> <span class='ocrx_word' id='word_1_56' title='bbox 348 1252 426 1303; x_wconf 86' lang='lat' dir='ltr'><strong>iuxta</strong></span> <span class='ocrx_word' id='word_1_57' title='bbox 437 1252 545 1304; x_wconf 87' lang='lat' dir='ltr'><strong>lunonis</strong></span> <span class='ocrx_word' id='word_1_58' title='bbox 556 1257 632 1305; x_wconf 84' lang='lat' dir='ltr'><strong>tecta</strong></span> <span class='ocrx_word' id='word_1_59' title='bbox 641 1189 782 1304; x_wconf 57' lang='lat' dir='ltr'><strong>llerllllrlllll</strong></span> <span class='ocrx_word' id='word_1_60' title='bbox 848 1314 852 1319; x_wconf 23' lang='grc' dir='ltr'>ι</span> 
     </span>
     <span class='ocr_line' id='line_1_10' title="bbox 175 1321 791 1389; baseline -0.01 -12"><span class='ocrx_word' id='word_1_61' title='bbox 175 1325 313 1389; x_wconf 79' lang='lat' dir='ltr'><strong>Praeceps</strong></span> <span class='ocrx_word' id='word_1_62' title='bbox 324 1321 360 1375; x_wconf 87' lang='lat' dir='ltr'><strong>ad</strong></span> <span class='ocrx_word' id='word_1_63' title='bbox 370 1322 443 1388; x_wconf 83' lang='lat' dir='ltr'><strong>ripas</strong></span> <span class='ocrx_word' id='word_1_64' title='bbox 453 1322 563 1373; x_wconf 89' lang='lat' dir='ltr'><strong>immani</strong></span> <span class='ocrx_word' id='word_1_65' title='bbox 573 1322 682 1373; x_wconf 83' lang='lat' dir='ltr'><strong>turbine</strong></span> <span class='ocrx_word' id='word_1_66' title='bbox 693 1321 791 1385; x_wconf 82' lang='lat' dir='ltr'><strong>fertur,</strong></span> 
     </span>
    </p>
   </div>
   <div class='ocr_carea' id='block_1_3' title="bbox 25 1389 779 1459">
    <p class='ocr_par' dir='ltr' id='par_1_5' title="bbox 25 1389 779 1459">
     <span class='ocr_line' id='line_1_11' title="bbox 25 1389 779 1459; baseline -0.001 -18"><span class='ocrx_word' id='word_1_67' title='bbox 25 1424 29 1431; x_wconf 78' lang='lat'><strong>·</strong></span> <span class='ocrx_word' id='word_1_68' title='bbox 124 1420 127 1425; x_wconf 38' lang='grc' dir='ltr'><strong>ν</strong></span> <span class='ocrx_word' id='word_1_69' title='bbox 152 1400 154 1404; x_wconf 84' lang='grc'><strong>“</strong></span> <span class='ocrx_word' id='word_1_70' title='bbox 176 1392 308 1447; x_wconf 85' lang='lat' dir='ltr'><strong>Sullureis</strong></span> <span class='ocrx_word' id='word_1_71' title='bbox 319 1389 424 1459; x_wconf 87' lang='lat' dir='ltr'><strong>gelidus</strong></span> <span class='ocrx_word' id='word_1_72' title='bbox 434 1404 487 1456; x_wconf 90' lang='lat' dir='ltr'><strong>qua</strong></span> <span class='ocrx_word' id='word_1_73' title='bbox 498 1391 583 1455; x_wconf 88' lang='lat' dir='ltr'><strong>serpit</strong></span> <span class='ocrx_word' id='word_1_74' title='bbox 592 1389 691 1442; x_wconf 82' lang='lat' dir='ltr'><strong>leniter</strong></span> <span class='ocrx_word' id='word_1_75' title='bbox 700 1390 779 1441; x_wconf 87' lang='lat' dir='ltr'><strong>undis</strong></span> 
     </span>
    </p>
   </div>
   <div class='ocr_carea' id='block_1_4' title="bbox 82 1454 941 3044">
    <p class='ocr_par' dir='ltr' id='par_1_6' title="bbox 82 1454 941 3044">
     <span class='ocr_line' id='line_1_12' title="bbox 116 1454 908 1577; baseline -0.001 -63"><span class='ocrx_word' id='word_1_76' title='bbox 116 1463 167 1516; x_wconf 82' lang='grc'><strong>540</strong></span> <span class='ocrx_word' id='word_1_77' title='bbox 176 1462 217 1514; x_wconf 82' lang='lat' dir='ltr'><strong>Ad</strong></span> <span class='ocrx_word' id='word_1_78' title='bbox 226 1462 379 1530; x_wconf 83' lang='lat' dir='ltr'><strong>genitorem</strong></span> <span class='ocrx_word' id='word_1_79' title='bbox 389 1459 472 1520; x_wconf 81' lang='lat' dir='ltr'><strong>Anio,</strong></span> <span class='ocrx_word' id='word_1_80' title='bbox 486 1457 580 1508; x_wconf 87' lang='lat' dir='ltr'><strong>labens</strong></span> <span class='ocrx_word' id='word_1_81' title='bbox 596 1454 823 1577; x_wconf 44' lang='lat' dir='ltr'><strong>binzruurmure,</strong></span> <span class='ocrx_word' id='word_1_82' title='bbox 839 1459 908 1529; x_wconf 76' lang='lat' dir='ltr'><strong>Thy</strong></span> 
     </span>
     <span class='ocr_line' id='line_1_13' title="bbox 666 1542 727 1578; baseline 0 0"><span class='ocrx_word' id='word_1_83' title='bbox 666 1542 727 1578; x_wconf 83' lang='lat' dir='ltr'><strong>rim.</strong></span> 
     </span>
     <span class='ocr_line' id='line_1_14' title="bbox 176 1591 860 1663; baseline -0.001 -14"><span class='ocrx_word' id='word_1_84' title='bbox 176 1599 230 1649; x_wconf 86' lang='lat' dir='ltr'><strong>Hic</strong></span> <span class='ocrx_word' id='word_1_85' title='bbox 240 1597 359 1663; x_wconf 79' lang='lat' dir='ltr'><strong>utsigna</strong></span> <span class='ocrx_word' id='word_1_86' title='bbox 369 1591 634 1662; x_wconf 85' lang='lat' dir='ltr'><strong>ferox&#39;dimensaque</strong></span> <span class='ocrx_word' id='word_1_87' title='bbox 646 1601 737 1646; x_wconf 84' lang='lat' dir='ltr'><strong>eastra</strong></span> <span class='ocrx_word' id='word_1_88' title='bbox 746 1595 860 1662; x_wconf 57' lang='lat' dir='ltr'><strong>locaritg</strong></span> 
     </span>
     <span class='ocr_line' id='line_1_15' title="bbox 175 1663 907 1733; baseline -0.003 -14"><span class='ocrx_word' id='word_1_89' title='bbox 175 1668 213 1719; x_wconf 82' lang='lat' dir='ltr'><strong>Et</strong></span> <span class='ocrx_word' id='word_1_90' title='bbox 224 1667 297 1733; x_wconf 80' lang='lat' dir='ltr'><strong>ripas</strong></span> <span class='ocrx_word' id='word_1_91' title='bbox 307 1663 461 1715; x_wconf 85' lang='lat' dir='ltr'><strong>tremefecit</strong></span> <span class='ocrx_word' id='word_1_92' title='bbox 472 1678 562 1731; x_wconf 83' lang='lat' dir='ltr'><strong>eques,</strong></span> <span class='ocrx_word' id='word_1_93' title='bbox 573 1665 720 1731; x_wconf 86' lang='lat' dir='ltr'><strong>perterrita</strong></span> <span class='ocrx_word' id='word_1_94' title='bbox 730 1664 815 1731; x_wconf 89' lang='lat' dir='ltr'><strong>pulsis</strong></span> <span class='ocrx_word' id='word_1_95' title='bbox 903 1696 907 1703; x_wconf 85' lang='lat'><em>·</em></span> 
     </span>
     <span class='ocr_line' id='line_1_16' title="bbox 175 1732 870 1803; baseline -0.004 -15"><span class='ocrx_word' id='word_1_96' title='bbox 175 1737 226 1788; x_wconf 88' lang='lat' dir='ltr'><strong>llia</strong></span> <span class='ocrx_word' id='word_1_97' title='bbox 235 1732 409 1803; x_wconf 80' lang='lat' dir='ltr'><strong>primanadis</strong></span> <span class='ocrx_word' id='word_1_98' title='bbox 419 1747 498 1784; x_wconf 87' lang='lat' dir='ltr'><strong>sacro</strong></span> <span class='ocrx_word' id='word_1_99' title='bbox 509 1746 539 1783; x_wconf 89' lang='lat' dir='ltr'><strong>se</strong></span> <span class='ocrx_word' id='word_1_100' title='bbox 549 1733 672 1800; x_wconf 85' lang='lat' dir='ltr'><strong>coniugis</strong></span> <span class='ocrx_word' id='word_1_101' title='bbox 682 1739 760 1785; x_wconf 85' lang='lat' dir='ltr'><strong>antro</strong></span> <span class='ocrx_word' id='word_1_102' title='bbox 860 1767 870 1777; x_wconf 82' lang='grc'><strong>-</strong></span> 
     </span>
     <span class='ocr_line' id='line_1_17' title="bbox 177 1800 898 1870; baseline -0.001 -14"><span class='ocrx_word' id='word_1_103' title='bbox 177 1804 312 1864; x_wconf 80' lang='lat' dir='ltr'><strong>Condidit,</strong></span> <span class='ocrx_word' id='word_1_104' title='bbox 323 1807 351 1853; x_wconf 89' lang='lat' dir='ltr'><strong>et</strong></span> <span class='ocrx_word' id='word_1_105' title='bbox 362 1807 476 1853; x_wconf 87' lang='lat' dir='ltr'><strong>cunctae</strong></span> <span class='ocrx_word' id='word_1_106' title='bbox 487 1800 615 1869; x_wconf 84' lang='lat' dir='ltr'><strong>fugerunt</strong></span> <span class='ocrx_word' id='word_1_107' title='bbox 623 1804 730 1869; x_wconf 81' lang='lat' dir='ltr'><strong>gurgite</strong></span> <span class='ocrx_word' id='word_1_108' title='bbox 740 1800 898 1870; x_wconf 80' lang='lat' dir='ltr'><strong>Nymphae.</strong></span> 
     </span>
     <span class='ocr_line' id='line_1_18' title="bbox 116 1870 859 1945; baseline -0.001 -21"><span class='ocrx_word' id='word_1_109' title='bbox 116 1873 167 1924; x_wconf 84' lang='grc'><strong>545</strong></span> <span class='ocrx_word' id='word_1_110' title='bbox 178 1875 213 1925; x_wconf 81' lang='lat' dir='ltr'><strong>At</strong></span> <span class='ocrx_word' id='word_1_111' title='bbox 222 1877 324 1923; x_wconf 77' lang='lat' dir='ltr'><strong>nsatres</strong></span> <span class='ocrx_word' id='word_1_112' title='bbox 333 1870 440 1945; x_wconf 70' lang='lat' dir='ltr'><strong>Latiae,</strong></span> <span class='ocrx_word' id='word_1_113' title='bbox 452 1885 502 1922; x_wconf 90' lang='lat' dir='ltr'><strong>ceu</strong></span> <span class='ocrx_word' id='word_1_114' title='bbox 513 1871 621 1921; x_wconf 90' lang='lat' dir='ltr'><strong>moenia</strong></span> <span class='ocrx_word' id='word_1_115' title='bbox 630 1870 703 1921; x_wconf 88' lang='lat' dir='ltr'><strong>nulla</strong></span> <span class='ocrx_word' id='word_1_116' title='bbox 711 1873 859 1938; x_wconf 72' lang='lat' dir='ltr'><strong>supersint,</strong></span> 
     </span>
     <span class='ocr_line' id='line_1_19' title="bbox 175 1939 844 2007; baseline 0 -15"><span class='ocrx_word' id='word_1_117' title='bbox 175 1942 314 1993; x_wconf 81' lang='lat' dir='ltr'><strong>Attonitae</strong></span> <span class='ocrx_word' id='word_1_118' title='bbox 324 1941 426 2007; x_wconf 88' lang='lat' dir='ltr'><strong>passim</strong></span> <span class='ocrx_word' id='word_1_119' title='bbox 435 1939 584 1991; x_wconf 81' lang='lat' dir='ltr'><strong>furibundis</strong></span> <span class='ocrx_word' id='word_1_120' title='bbox 595 1939 731 2007; x_wconf 84' lang='lat' dir='ltr'><strong>gressibus</strong></span> <span class='ocrx_word' id='word_1_121' title='bbox 742 1946 844 1992; x_wconf 77' lang='lat' dir='ltr'><strong>emant.</strong></span> 
     </span>
     <span class='ocr_line' id='line_1_20' title="bbox 176 2006 920 2076; baseline 0.003 -15"><span class='ocrx_word' id='word_1_122' title='bbox 176 2011 245 2061; x_wconf 85' lang='lat' dir='ltr'><strong>Ante</strong></span> <span class='ocrx_word' id='word_1_123' title='bbox 257 2007 353 2061; x_wconf 88' lang='lat' dir='ltr'><strong>oculos</strong></span> <span class='ocrx_word' id='word_1_124' title='bbox 364 2014 455 2061; x_wconf 80' lang='lat' dir='ltr'><strong>astant</strong></span> <span class='ocrx_word' id='word_1_125' title='bbox 462 2006 573 2059; x_wconf 81' lang='lat' dir='ltr'><strong>lacerae</strong></span> <span class='ocrx_word' id='word_1_126' title='bbox 583 2008 782 2076; x_wconf 83' lang='lat' dir='ltr'><strong>trepidantibus</strong></span> <span class='ocrx_word' id='word_1_127' title='bbox 792 2010 920 2074; x_wconf 82' lang='lat' dir='ltr'><strong>umbrae.</strong></span> 
     </span>
     <span class='ocr_line' id='line_1_21' title="bbox 82 2077 922 2197; baseline 0.002 -66"><span class='ocrx_word' id='word_1_128' title='bbox 82 2094 85 2098; x_wconf 88' lang='lat'>·</span> <span class='ocrx_word' id='word_1_129' title='bbox 178 2080 431 2147; x_wconf 79' lang='lat' dir='ltr'><strong>Quacqnegrarcm</strong></span> <span class='ocrx_word' id='word_1_130' title='bbox 441 2078 477 2130; x_wconf 89' lang='lat' dir='ltr'><strong>ad</strong></span> <span class='ocrx_word' id='word_1_131' title='bbox 488 2077 626 2143; x_wconf 88' lang='lat' dir='ltr'><strong>Trebiam,</strong></span> <span class='ocrx_word' id='word_1_132' title='bbox 638 2093 760 2197; x_wconf 51' lang='lat' dir='ltr'><strong>qfiraeque</strong></span> <span class='ocrx_word' id='word_1_133' title='bbox 771 2077 807 2131; x_wconf 89' lang='lat' dir='ltr'><strong>ad</strong></span> <span class='ocrx_word' id='word_1_134' title='bbox 818 2078 922 2133; x_wconf 60' lang='lat' dir='ltr'><strong>&#39;unns</strong></span> 
     </span>
     <span class='ocr_line' id='line_1_22' title="bbox 362 2152 753 2199; baseline 0 -1"><span class='ocrx_word' id='word_1_135' title='bbox 362 2152 364 2156; x_wconf 83' lang='grc'>’</span> <span class='ocrx_word' id='word_1_136' title='bbox 669 2154 753 2199; x_wconf 86' lang='lat' dir='ltr'><strong>uenta</strong></span> 
     </span>
     <span class='ocr_line' id='line_1_23' title="bbox 179 2212 903 2284; baseline 0.001 -17"><span class='ocrx_word' id='word_1_137' title='bbox 179 2216 333 2283; x_wconf 77' lang='lat' dir='ltr'><strong>oppetiere</strong></span> <span class='ocrx_word' id='word_1_138' title='bbox 338 2228 443 2277; x_wconf 85' lang='lat' dir='ltr'><strong>necem,</strong></span> <span class='ocrx_word' id='word_1_139' title='bbox 453 2212 564 2266; x_wconf 81' lang='lat' dir='ltr'><strong>Paullus</strong></span> <span class='ocrx_word' id='word_1_140' title='bbox 577 2213 771 2284; x_wconf 79' lang='lat' dir='ltr'><strong>Gracchusque</strong></span> <span class='ocrx_word' id='word_1_141' title='bbox 784 2215 903 2281; x_wconf 82' lang='lat' dir='ltr'><strong>cruenti,</strong></span> 
     </span>
     <span class='ocr_line' id='line_1_24' title="bbox 120 2282 885 2353; baseline 0.007 -19"><span class='ocrx_word' id='word_1_142' title='bbox 120 2284 170 2335; x_wconf 83' lang='grc'><strong>550</strong></span> <span class='ocrx_word' id='word_1_143' title='bbox 180 2284 380 2350; x_wconf 84' lang='lat' dir='ltr'><strong>Flaminiusque</strong></span> <span class='ocrx_word' id='word_1_144' title='bbox 391 2282 479 2347; x_wconf 81' lang='lat' dir='ltr'><strong>simul,</strong></span> <span class='ocrx_word' id='word_1_145' title='bbox 490 2285 596 2336; x_wconf 88' lang='lat' dir='ltr'><strong>miseris</strong></span> <span class='ocrx_word' id='word_1_146' title='bbox 606 2289 669 2337; x_wconf 88' lang='lat' dir='ltr'><strong>ante</strong></span> <span class='ocrx_word' id='word_1_147' title='bbox 681 2300 731 2337; x_wconf 88' lang='lat' dir='ltr'><strong>ora</strong></span> <span class='ocrx_word' id='word_1_148' title='bbox 738 2291 885 2353; x_wconf 86' lang='lat' dir='ltr'><strong>vagantur.</strong></span> 
     </span>
     <span class='ocr_line' id='line_1_25' title="bbox 180 2350 868 2422; baseline 0.001 -17"><span class='ocrx_word' id='word_1_149' title='bbox 180 2353 283 2406; x_wconf 80' lang='lat' dir='ltr'><strong>clausit</strong></span> <span class='ocrx_word' id='word_1_150' title='bbox 292 2351 373 2403; x_wconf 83' lang='lat' dir='ltr'><strong>turba</strong></span> <span class='ocrx_word' id='word_1_151' title='bbox 381 2352 447 2403; x_wconf 87' lang='lat' dir='ltr'><strong>vias.</strong></span> <span class='ocrx_word' id='word_1_152' title='bbox 470 2350 532 2404; x_wconf 86' lang='lat' dir='ltr'><strong>Stat</strong></span> <span class='ocrx_word' id='word_1_153' title='bbox 543 2353 631 2406; x_wconf 85' lang='lat' dir='ltr'><strong>celsus</strong></span> <span class='ocrx_word' id='word_1_154' title='bbox 642 2358 670 2406; x_wconf 88' lang='lat' dir='ltr'><strong>et</strong></span> <span class='ocrx_word' id='word_1_155' title='bbox 680 2368 760 2422; x_wconf 85' lang='lat' dir='ltr'><strong>asper</strong></span> <span class='ocrx_word' id='word_1_156' title='bbox 771 2355 805 2409; x_wconf 89' lang='lat' dir='ltr'><strong>ab</strong></span> <span class='ocrx_word' id='word_1_157' title='bbox 814 2355 868 2419; x_wconf 83' lang='lat' dir='ltr'><strong>ira,</strong></span> 
     </span>
     <span class='ocr_line' id='line_1_26' title="bbox 121 2416 911 2492; baseline 0.003 -17"><span class='ocrx_word' id='word_1_158' title='bbox 121 2416 134 2433; x_wconf 81' lang='lat'><strong><em>‘</em></strong></span> <span class='ocrx_word' id='word_1_159' title='bbox 178 2424 372 2492; x_wconf 81' lang='lat' dir='ltr'><strong>ingentemque</strong></span> <span class='ocrx_word' id='word_1_160' title='bbox 382 2427 486 2473; x_wconf 89' lang='lat' dir='ltr'><strong>metum</strong></span> <span class='ocrx_word' id='word_1_161' title='bbox 495 2429 574 2475; x_wconf 84' lang='lat' dir='ltr'><strong>torvo</strong></span> <span class='ocrx_word' id='word_1_162' title='bbox 585 2423 679 2485; x_wconf 84' lang='lat' dir='ltr'><strong>domat</strong></span> <span class='ocrx_word' id='word_1_163' title='bbox 689 2439 737 2475; x_wconf 89' lang='lat' dir='ltr'><strong>ore</strong></span> <span class='ocrx_word' id='word_1_164' title='bbox 747 2422 875 2477; x_wconf 71' lang='lat' dir='ltr'><strong>Sonans</strong></span> <span class='ocrx_word' id='word_1_165' title='bbox 907 2455 911 2463; x_wconf 93' lang='lat'>·</span> 
     </span>
     <span class='ocr_line' id='line_1_27' title="bbox 177 2492 839 2560; baseline -0.003 -15"><span class='ocrx_word' id='word_1_166' title='bbox 177 2492 318 2559; x_wconf 84' lang='lat' dir='ltr'><strong>Interdum</strong></span> <span class='ocrx_word' id='word_1_167' title='bbox 326 2497 417 2541; x_wconf 86' lang='lat' dir='ltr'><strong>tamen</strong></span> <span class='ocrx_word' id='word_1_168' title='bbox 428 2498 571 2560; x_wconf 90' lang='lat' dir='ltr'><strong>erumpunt</strong></span> <span class='ocrx_word' id='word_1_169' title='bbox 582 2493 632 2543; x_wconf 90' lang='lat' dir='ltr'><strong>sub</strong></span> <span class='ocrx_word' id='word_1_170' title='bbox 643 2492 751 2545; x_wconf 85' lang='lat' dir='ltr'><strong>casside</strong></span> <span class='ocrx_word' id='word_1_171' title='bbox 761 2492 839 2545; x_wconf 72' lang='lat' dir='ltr'><strong>fissae</strong></span> 
     </span>
     <span class='ocr_line' id='line_1_28' title="bbox 178 2560 922 2627; baseline -0.001 -13"><span class='ocrx_word' id='word_1_172' title='bbox 178 2561 233 2614; x_wconf 90' lang='lat' dir='ltr'><strong>Per</strong></span> <span class='ocrx_word' id='word_1_173' title='bbox 242 2563 355 2613; x_wconf 86' lang='lat' dir='ltr'><strong>tacitum</strong></span> <span class='ocrx_word' id='word_1_174' title='bbox 365 2560 508 2625; x_wconf 83' lang='lat' dir='ltr'><strong>lacrimae3</strong></span> <span class='ocrx_word' id='word_1_175' title='bbox 541 2561 650 2613; x_wconf 89' lang='lat' dir='ltr'><strong>uiduam</strong></span> <span class='ocrx_word' id='word_1_176' title='bbox 661 2562 783 2615; x_wconf 84' lang='lat' dir='ltr'><strong>Fortuna</strong></span> <span class='ocrx_word' id='word_1_177' title='bbox 791 2561 922 2627; x_wconf 69' lang='lat' dir='ltr'><strong>minetur,</strong></span> 
     </span>
     <span class='ocr_line' id='line_1_29' title="bbox 119 2578 898 2709; baseline 0.006 -31"><span class='ocrx_word' id='word_1_178' title='bbox 119 2628 169 2679; x_wconf 92' lang='grc'><strong>555</strong></span> <span class='ocrx_word' id='word_1_179' title='bbox 183 2630 286 2691; x_wconf 74' lang='lat' dir='ltr'><strong>Quidve</strong></span> <span class='ocrx_word' id='word_1_180' title='bbox 297 2634 394 2697; x_wconf 88' lang='lat' dir='ltr'><strong>parcnt</strong></span> <span class='ocrx_word' id='word_1_181' title='bbox 404 2578 623 2709; x_wconf 74' lang='lat' dir='ltr'><strong>Superill&#39;ubes</strong></span> <span class='ocrx_word' id='word_1_182' title='bbox 633 2630 756 2698; x_wconf 86' lang='lat' dir='ltr'><strong>dispersa</strong></span> <span class='ocrx_word' id='word_1_183' title='bbox 765 2630 898 2700; x_wconf 75' lang='lat' dir='ltr'><strong>percitus</strong></span> 
     </span>
     <span class='ocr_line' id='line_1_30' title="bbox 177 2696 930 2765; baseline 0.004 -17"><span class='ocrx_word' id='word_1_184' title='bbox 177 2696 243 2749; x_wconf 82' lang='lat' dir='ltr'><strong>Stat</strong></span> <span class='ocrx_word' id='word_1_185' title='bbox 253 2705 352 2760; x_wconf 89' lang='lat' dir='ltr'><strong>turres,</strong></span> <span class='ocrx_word' id='word_1_186' title='bbox 365 2703 447 2765; x_wconf 86' lang='lat' dir='ltr'><strong>atque</strong></span> <span class='ocrx_word' id='word_1_187' title='bbox 459 2696 511 2749; x_wconf 90' lang='lat' dir='ltr'><strong>buc</strong></span> <span class='ocrx_word' id='word_1_188' title='bbox 525 2704 635 2750; x_wconf 86' lang='lat' dir='ltr'><strong>rentum</strong></span> <span class='ocrx_word' id='word_1_189' title='bbox 647 2698 696 2751; x_wconf 90' lang='lat' dir='ltr'><strong>sub</strong></span> <span class='ocrx_word' id='word_1_190' title='bbox 708 2701 792 2753; x_wconf 89' lang='lat' dir='ltr'><strong>corde</strong></span> <span class='ocrx_word' id='word_1_191' title='bbox 802 2699 930 2765; x_wconf 49' lang='lat' dir='ltr'><strong>volutat,</strong></span> 
     </span>
     <span class='ocr_line' id='line_1_31' title="bbox 179 2765 941 2822; baseline 0.008 -5"><span class='ocrx_word' id='word_1_192' title='bbox 179 2766 216 2817; x_wconf 82' lang='lat' dir='ltr'><strong>Ut</strong></span> <span class='ocrx_word' id='word_1_193' title='bbox 226 2768 279 2816; x_wconf 85' lang='lat' dir='ltr'><strong>iam</strong></span> <span class='ocrx_word' id='word_1_194' title='bbox 290 2766 379 2817; x_wconf 87' lang='lat' dir='ltr'><strong>Roma</strong></span> <span class='ocrx_word' id='word_1_195' title='bbox 389 2765 560 2819; x_wconf 81' lang='lat' dir='ltr'><strong>satiseredut</strong></span> <span class='ocrx_word' id='word_1_196' title='bbox 571 2767 717 2820; x_wconf 81' lang='lat' dir='ltr'><strong>defendero</strong></span> <span class='ocrx_word' id='word_1_197' title='bbox 727 2784 829 2822; x_wconf 89' lang='lat' dir='ltr'><strong>muros.</strong></span> <span class='ocrx_word' id='word_1_198' title='bbox 938 2806 941 2813; x_wconf 86' lang='lat'><em>-</em></span> 
     </span>
     <span class='ocr_line' id='line_1_32' title="bbox 104 2832 901 2911; baseline 0.006 -27"><span class='ocrx_word' id='word_1_199' title='bbox 104 2884 108 2895; x_wconf 77' lang='grc'><em>,</em></span> <span class='ocrx_word' id='word_1_200' title='bbox 179 2832 287 2886; x_wconf 89' lang='lat' dir='ltr'><strong>Poenus</strong></span> <span class='ocrx_word' id='word_1_201' title='bbox 299 2841 329 2886; x_wconf 90' lang='lat' dir='ltr'><strong>ut</strong></span> <span class='ocrx_word' id='word_1_202' title='bbox 340 2835 374 2885; x_wconf 89' lang='lat' dir='ltr'><strong>ad</strong></span> <span class='ocrx_word' id='word_1_203' title='bbox 385 2851 495 2901; x_wconf 70' lang='lat' dir='ltr'><strong>somnos</strong></span> <span class='ocrx_word' id='word_1_204' title='bbox 505 2837 551 2886; x_wconf 72' lang='lat' dir='ltr'><strong>rix</strong></span> <span class='ocrx_word' id='word_1_205' title='bbox 560 2842 648 2888; x_wconf 87' lang='lat' dir='ltr'><strong>totam</strong></span> <span class='ocrx_word' id='word_1_206' title='bbox 658 2839 781 2890; x_wconf 82' lang='lat' dir='ltr'><strong>cursibus</strong></span> <span class='ocrx_word' id='word_1_207' title='bbox 792 2842 873 2905; x_wconf 76' lang='lat' dir='ltr'><strong>actae</strong></span> <span class='ocrx_word' id='word_1_208' title='bbox 896 2892 901 2911; x_wconf 47' lang='grc' dir='ltr'>Ι</span> 
     </span>
     <span class='ocr_line' id='line_1_33' title="bbox 179 2903 801 2973; baseline 0.005 -19"><span class='ocrx_word' id='word_1_209' title='bbox 179 2903 293 2954; x_wconf 87' lang='lat' dir='ltr'><strong>Indulsit</strong></span> <span class='ocrx_word' id='word_1_210' title='bbox 305 2903 368 2969; x_wconf 91' lang='lat' dir='ltr'><strong>pubi</strong></span> <span class='ocrx_word' id='word_1_211' title='bbox 380 2911 497 2967; x_wconf 87' lang='lat' dir='ltr'><strong>noctem,</strong></span> <span class='ocrx_word' id='word_1_212' title='bbox 507 2905 572 2971; x_wconf 82' lang='lat' dir='ltr'><strong>vigil</strong></span> <span class='ocrx_word' id='word_1_213' title='bbox 581 2907 650 2973; x_wconf 87' lang='lat' dir='ltr'><strong>ipse,</strong></span> <span class='ocrx_word' id='word_1_214' title='bbox 659 2921 710 2957; x_wconf 91' lang='lat' dir='ltr'><strong>nec</strong></span> <span class='ocrx_word' id='word_1_215' title='bbox 720 2907 801 2957; x_wconf 89' lang='lat' dir='ltr'><strong>ullam</strong></span> 
     </span>
     <span class='ocr_line' id='line_1_34' title="bbox 101 2970 933 3044; baseline 0 -20"><span class='ocrx_word' id='word_1_216' title='bbox 101 2970 219 3026; x_wconf 69' lang='lat' dir='ltr'><strong>Medd</strong></span> <span class='ocrx_word' id='word_1_217' title='bbox 225 2974 349 3044; x_wconf 83' lang='lat' dir='ltr'><strong>requiem</strong></span> <span class='ocrx_word' id='word_1_218' title='bbox 360 2972 461 3039; x_wconf 78' lang='lat' dir='ltr'><strong>facilis,</strong></span> <span class='ocrx_word' id='word_1_219' title='bbox 471 2973 641 3042; x_wconf 69' lang='lat' dir='ltr'><strong>credensque</strong></span> <span class='ocrx_word' id='word_1_220' title='bbox 650 2974 896 3034; x_wconf 65' lang='lat' dir='ltr'><strong>abscedersnitns,</strong></span> <span class='ocrx_word' id='word_1_221' title='bbox 929 3010 933 3015; x_wconf 83' lang='lat'><em>-</em></span> 
     </span>
    </p>
   </div>
   <div class='ocr_carea' id='block_1_5' title="bbox 166 3039 903 3121">
    <p class='ocr_par' dir='ltr' id='par_1_7' title="bbox 166 3039 903 3121">
     <span class='ocr_line' id='line_1_35' title="bbox 166 3039 903 3121; baseline -0.024 -19"><span class='ocrx_word' id='word_1_222' title='bbox 166 3046 251 3110; x_wconf 76' lang='lat' dir='ltr'><strong>Quod</strong></span> <span class='ocrx_word' id='word_1_223' title='bbox 261 3062 353 3121; x_wconf 91' lang='lat' dir='ltr'><strong>sopor</strong></span> <span class='ocrx_word' id='word_1_224' title='bbox 365 3047 480 3119; x_wconf 88' lang='lat' dir='ltr'><strong>eripiat,</strong></span> <span class='ocrx_word' id='word_1_225' title='bbox 488 3049 623 3115; x_wconf 69' lang='lat' dir='ltr'><strong>tempns3</strong></span> <span class='ocrx_word' id='word_1_226' title='bbox 636 3040 809 3095; x_wconf 76' lang='lat' dir='ltr'><strong>radiantibus</strong></span> <span class='ocrx_word' id='word_1_227' title='bbox 815 3039 903 3087; x_wconf 71' lang='lat' dir='ltr'><strong>annin</strong></span> 
     </span>
    </p>
   </div>
   <div class='ocr_carea' id='block_1_6' title="bbox 0 0 967 3308">
    <p class='ocr_par' dir='ltr' id='par_1_8' title="bbox 0 0 967 3308">
     <span class='ocr_line' id='line_1_36' title="bbox 0 0 967 3308; baseline 0 0"><span class='ocrx_word' id='word_1_228' title='bbox 0 0 967 3308; x_wconf 95' lang='lat' dir='ltr'><strong> </strong></span> 
     </span>
    </p>
   </div>
  </div>
 </body>
</html>
