1906 3308
200 87 669 162 pommeranum·
744 107 794 163 aaa
848 157 850 160 ,

52 233 133 286 Tum
145 229 262 299 ¹quoque
277 230 437 281 transfixum
451 229 507 280 telo
522 244 572 295 per
589 227 724 293 membra,
743 244 794 299 per

10 337 20 387 l
52 369 183 421 Consulis
195 372 258 418 ante
270 367 373 431 oculos,
383 381 483 434 magno
495 313 616 417 claqqqirq
626 364 761 417 Sabellum
800 366 852 418 690

15 469 18 473 »
57 437 226 504 asportabat
237 452 329 500 orans,
341 443 369 490 et
379 451 463 487 ovans
474 435 630 485 Hammona
641 435 765 487 canebat.
850 498 852 504 Α

34 517 40 523 “
58 507 120 557 Νοιι
133 505 195 556 tulit
205 503 293 555 hane'
285 521 354 556 iram
365 500 528 577 tantosque'
520 520 547 553 m
561 494 776 560 cordetumores

58 575 208 626 Barbarico
220 575 320 636 senior,
331 571 468 640 telumque
478 573 596 634 intorsit,
608 578 713 623 etune

57 641 194 695 Praedam
205 643 375 711 animamque
386 642 465 694 simul
475 643 573 692 victori
583 643 671 692 vietor
680 641 789 694 ademit.

57 712 159 774 Assilit,
170 711 263 762 audito
274 713 360 762 tristis
372 711 490 761 elamore
502 712 606 774 ruinae,
800 708 852 762 695

57 779 230 842 Hasdrubal,
251 785 280 829 et
295 785 469 847 coeptantem
485 780 603 831 Arabum
619 784 728 853 raptare
747 793 797 855 pe

530 855 619 900 remto

25 967 29 971 .
59 916 218 970 Gemmileri
231 916 346 984 spolium
357 912 454 979 cultus,
464 931 585 984 auroque
596 914 745 987 rigentes

55 987 186 1050 Exuvias,
198 986 316 1038 iaculum
328 1003 345 1038 ιι
355 993 433 1054 tergo
444 986 576 1068 perlibrat
586 987 621 1037 ad
633 995 705 1039 ossa.
759 994 762 998 ’

54 1055 114 1109 lam
126 1062 255 1124 correpta
263 1057 347 1108 miser
357 1056 470 1123 geminis
482 1056 615 1107 velamina
626 1056 750 1129 palmis

30 1170 32 1176 ,
57 1126 194 1191 carpebat
205 1140 337 1196 propere,
342 1131 371 1176 et
380 1124 501 1197 tepidos
499 1125 649 1178 nudarerat
660 1132 744 1178 artua
801 1123 853 1174 tue

13 1258 16 1263 Ι
57 1194 192 1256 Concidit,
204 1200 232 1244 et
243 1209 336 1244 sacras
347 1200 436 1244 vestes
447 1191 529 1261 atque
543 1210 627 1245 aurea
637 1195 718 1248 tila
781 1202 784 1207 ⁴

13 1266 17 1275 '
31 1298 33 1303 -
54 1262 184 1315 Reddidit
194 1264 328 1323 exanimo,
340 1262 485 1327 spoliatum
495 1263 607 1328 lapsus'
599 1280 628 1312 m
638 1243 753 1314 hostem.

54 1332 90 1383 At
102 1329 221 1382 Canthus
232 1331 369 1392 Rutulum,
383 1328 502 1382 Canthus
514 1345 664 1396 possessor
667 1345 775 1395 arenae,

55 1402 118 1462 Qua
129 1399 235 1450 celebre
245 1400 339 1451 invicti
349 1414 447 1450 nomen
458 1414 574 1467 posuere
585 1398 716 1462 Philaeni,

56 1469 150 1520 Ditem
166 1469 256 1519 ovium
271 1469 399 1519 Rutulum
415 1469 574 1532 obtruncat,
595 1470 639 1520 cui
652 1469 725 1520 mille
741 1468 791 1521 sub

528 1506 591 1590 altis
798 1537 850 1589 toa
892 1572 895 1576 -

54 1604 446 1674 Lanigeraebalantstabuhs
474 1607 700 1675 lpse,ot1amolh
792 1611 793 1614 ’
878 1618 912 1624 “”

54 1677 195 1728 Exercens
206 1692 279 1738 eura,
290 1677 380 1744 gelido
391 1693 462 1728 nunc
474 1677 583 1729 flumine
595 1677 667 1728 soles

54 1745 213 1813 Frangebat
221 1748 319 1797 nimios
330 1748 433 1812 pecori,
444 1763 515 1798 nunc
525 1747 613 1799 laetus
626 1748 653 1797 in
664 1745 750 1801 herba

55 1814 201 1866 Tendebat
210 1818 305 1868 aureae
315 1816 485 1881 splendentia
496 1816 596 1867 vellera
605 1816 694 1877 lanae
902 1822 912 1852 2

29 1909 35 1914 ·
52 1883 108 1933 llut
109 1899 210 1950 ,pecus
223 1900 238 1936 e
251 1891 331 1950 pastu
342 1901 404 1936 cum
414 1902 474 1937 sese
485 1886 519 1936 ad
531 1893 606 1937 tecta
616 1884 753 1948 referret,
799 1887 849 1938 710
868 1933 871 1937 .

54 1950 205 2003 Noscentes
217 1959 333 2006 matrem
344 1955 487 2019 spectabat
499 1956 611 2006 ovilibus
625 1970 719 2024 agnos.
799 1975 804 1983 ⁸
917 1976 925 2001 ι

55 2020 191 2072 Oeeuburt
201 2021 290 2086 clypei
300 2023 432 2074 transfixo
442 2023 566 2089 proditus
577 2039 650 2086 aare,
923 2038 927 2046 ·

17 2100 22 2109 “
54 2090 91 2140 Et
102 2103 164 2140 sero
174 2090 429 2156 ingemuitstabulis
441 2094 514 2142 exire
525 2093 654 2158 paternis.

53 2160 148 2209 Acrius
159 2155 212 2208 hoc
223 2159 320 2214 Italum
333 2159 417 2224 pubes
426 2157 550 2223 incurrit,
562 2167 590 2212 et
597 2162 692 2228 urget:

10 2231 13 2285 ζ
27 2235 38 2245 “
54 2229 90 2279 [lt
100 2232 216 2289 torrens,
226 2232 259 2277 ut
268 2232 426 2294 tempestas,
438 2234 471 2280 ut
479 2228 588 2281 flamma
598 2230 706 2282 corusci
797 2230 847 2282 715
918 2266 921 2277 .

53 2297 196 2358 Fulminis,
203 2302 234 2346 ut
240 2296 358 2350 Boream
369 2298 552 2369 pontusdugit‚
562 2305 668 2355 utcaaa
677 2302 789 2351 currunt
868 2333 875 2338 -

53 2365 160 2427 Nubila,
173 2381 233 2415 cum
245 2365 343 2432 pelago
355 2364 460 2417 coelum
470 2369 629 2435 permiscuit
640 2369 740 2422 Eurus.

52 2435 190 2486 Procerae
201 2435 321 2496 stabant,
334 2436 522 2486 Celtarum1r
481 2454 502 2487 ιι
504 2453 567 2504 gna,
580 2435 718 2501 cohortes,

10 2503 146 2557 Prinm
157 2505 244 2566 acies;
255 2502 306 2555 hos
314 2472 432 2571 impulsu
444 2522 583 2573 cuneoque
594 2507 681 2560 feroci
750 2555 753 2559 .

51 2572 177 2624 Laxat'
153 2589 193 2624 ιιι
204 2574 302 2635 subita,
315 2579 344 2624 et
353 2573 440 2624 fessos
453 2590 546 2626 errore
555 2577 668 2639 ιίιιιιιιιι,
794 2575 846 2628 720

51 2640 110 2717 Nec
121 2641 172 2694 soli
182 2642 287 2707 iaciles,
296 2611 424 2712 longique
433 2643 535 2696 laboris
546 2643 657 2697 anhelos
