1906 3308
219 113 468 168 Punicorum
494 113 582 183 1213..
603 114 641 166 ll.
761 113 796 166 39

95 250 211 304 amquae
222 237 283 300 (pro
292 232 386 299 Superi
394 231 412 296 l)
419 230 518 284 Fabius
524 229 615 283 iubetl
628 232 710 284 Ocius
720 245 796 285 arma

76 307 177 367 multe,
189 310 217 354 ct
229 309 310 368 capta
320 301 476 364 descendite
487 301 520 351 ab
532 315 595 352 arce
607 299 728 368 Sagunti.

70 377 135 425 l'um
146 373 254 425 delecta
263 385 358 421 manua
370 375 507 420 acutorum
517 370 645 420 incendat
654 383 779 420 acervom
807 369 858 418 319

65 445 185 494 urantur
203 454 238 491 ue
247 445 334 498 rates,
346 453 379 488 ac
389 444 449 488 toto
461 439 583 489 absistite
594 443 691 504 ponto:

65 512 115 573 lli,
146 524 195 560 roc
229 544 236 570 ‚
248 522 279 570 0,
290 507 398 568 (merita
409 511 451 556 est
460 521 596 572 nunquam
605 508 628 557 ai
637 506 703 557 talia
716 506 798 572 plecti

66 581 87 632 c
187 579 216 640 o)
228 573 371 642 prohibete
383 572 459 624 nolas
466 611 474 636 ,
491 576 629 642 nostriqpp
639 575 742 625 solutas

66 647 430 698 Ductonaaervatemanur.
457 644 494 693 Ut
503 642 600 694 deinde
611 643 726 694 recedit:
898 678 913 710 χ

67 715 221 784 [Factaque
231 710 373 770 censendi,
384 710 496 761 Petrum
507 711 640 771 demum,
651 716 785 776 potestas:
809 712 858 762 3¹15

68 784 121 834 llic
131 782 248 832 llanuon
259 779 337 830 reddi
346 792 463 844 propere
475 781 623 830 certamine
633 786 713 846 rapta

67 853 164 912 instat,
175 854 203 900 et
215 854 355 899 auctorem
365 847 459 898 violati
468 846 587 900 loedoria
597 847 684 915 addi]

68 921 140 970 'l'um
150 930 215 968 vero
227 915 345 977 attoniti,
356 929 407 966 ceu
418 915 520 981 templo
529 917 693 983 irrumperet
703 914 799 980 hostin,

67 985 208 1053 Exailuere
218 984 324 1047 Patres,
335 983 471 1051 Latioque
481 984 511 1037 id
520 989 641 1036 verteret
652 1000 742 1053 omem

68 1053 295 1106 orauereDeum.
322 1053 358 1103 At
368 1058 512 1120 postquam
522 1052 659 1106 discordia
667 1055 752 1106 aensit
809 1052 860 1104 88⁰

68 1124 197 1184 Pectora,
207 1127 236 1172 et
245 1121 342 1172 infidas
353 1121 388 1172 ad
398 1120 518 1174 Martem
528 1132 641 1190 vergere
651 1128 771 1187 mentam

67 1192 130 1243 Non
159 1190 212 1241 ltra
222 1191 328 1256 patiens
339 1190 438 1241 Fabius
450 1192 554 1242 rexisse
565 1191 697 1254 dolorem,

69 1263 127 1313 con
164 1261 217 1308 ium
229 1259 353 1325 exposcit
364 1272 495 1324 propere,
506 1259 685 1327 Patribuaqpp
694 1263 801 1312 vocatia

67 1327 173 1380 Bellum
183 1340 212 1377 ae
222 1332 331 1394 gestare
341 1326 401 1377 sinu
411 1342 561 1395 pacemque
590 1327 713 1392 rolatum

69 1395 141 1459 Quid
149 1395 244 1446 audeat
252 1395 352 1462 legere,
365 1396 497 1462 ambiguis
508 1411 560 1447 neu
572 1343 666 1447 Fallere
677 1396 757 1448 dictio
810 1394 860 1446 aot

67 1466 200 1531 imperat3
220 1477 261 1524 ac,
273 1478 354 1514 aaero
365 1469 490 1514 neutrum
500 1469 631 1516 renuente
647 1463 757 1526 Senatu,

70 1536 126 1585 Ceu
138 1532 244 1583 clausae
256 1533 329 1582 aclea
340 1533 498 1599 gremioque
510 1531 662 1592 effunderet
672 1548 757 1596 mma,

68 1600 194 1668 Accipite
198 1598 345 1650 iniuratum
355 1600 474 1666 Libyae,
486 1607 638 1685 eventuque
648 1603 733 1669 priori

68 1670 132 1732 Por,
142 1668 238 1733 inquit,
248 1667 360 1719 bellum:
380 1668 493 1720 etlaxos
503 1669 617 1721 essimdrt
629 1672 751 1722 aunictua.

70 1740 140 1788 Tum
150 1737 253 1804 patriar
265 1738 365 1802 repetit
375 1737 512 1804 pugnandi
522 1741 631 1790 nuntius
643 1753 730 1791 arces.
809 1737 860 1787 399

67 1809 154 1873 Atque
165 1820 198 1856 ea
210 1804 272 1855 dum
283 1803 416 1872 profugae
427 1808 517 1873 regnis
528 1809 665 1875 agitantur
675 1807 789 1868 liliosae,

67 1876 168 1925 Accitis
179 1873 384 1938 veloxpopulia,
396 1876 454 1940 quia
466 1889 549 1941 aegra
558 1876 670 1927 lababat

66 1942 199 2007 Ambigua
211 1940 260 1990 nub
271 1940 362 1990 Marte
371 1941 448 2004 tides,
460 1944 615 2013 praedaqpe
626 1949 755 2012 gravatus

66 2010 106 2062 Ad
117 2021 210 2059 murco
221 2005 329 2056 Poenus
339 2006 517 2060 revocaverat
528 2026 605 2062 arma
616 2010 737 2078 Sagunti.

66 2079 141 2130 Ecce
151 2081 243 2125 autem
254 2072 378 2138 clipeum,
389 2088 471 2125 naevo
483 2076 589 2144 fulgore
600 2081 755 2140 uricantem,
808 2079 858 2128 395

67 2145 170 2198 Oct-ani
180 2147 275 2210 genter
285 2139 392 2191 ductori
403 2141 475 2193 dona
484 2142 617 2207 ferebant,

67 2213 203 2266 Callaicae
213 2208 316 2261 tellurlo
328 2222 405 2275 opus,
416 2210 576 2279 galeamque
588 2214 709 2264 coruacla

66 2282 214 2334 subnixam
225 2278 323 2340 cristis,
335 2278 443 2329 vibrant
454 2281 497 2330 eui
508 2282 611 2333 vertice
626 2283 687 2333 coni

66 2349 186 2402 Albentia
196 2347 290 2399 niveae
300 2346 416 2398 tremulo
428 2349 565 2400 nutamine
576 2364 693 2416 pennae3

66 2419 167 2470 Enaem
177 2431 267 2477 uuum,
280 2430 312 2466 ac
322 2415 413 2466 multia
423 2415 535 2468 fatalem
545 2417 660 2469 milhbua
674 2416 787 2470 hastam.
807 2420 857 2466 4⁰0

66 2487 215 2538 Praeterea
225 2489 328 2535 textam
338 2484 417 2535 nodia
427 2499 493 2536 auro
515 2500 547 2537 ue
557 2488 672 2538 trilicem

66 2554 204 2613 Loricam,
216 2552 281 2603 nulli
290 2554 408 2620 tegimen
419 2560 533 2619 penetra
551 2555 586 2606 ile
596 2556 660 2607 telo.

62 2622 150 2685 Haec,
163 2636 227 2674 aere
239 2627 268 2674 et
277 2621 338 2676 duri
350 2619 477 2694 chalybis
485 2623 619 2696 perlecta
623 2624 754 2684 maimo„
