1906 3308
186 124 439 184 PUNIGORUM
467 127 647 184 LIB.XV1;
678 175 679 178 ,
742 130 793 184 349

57 256 93 304 At
105 257 258 320 postremus
270 249 357 314 lltlas3
369 248 482 301 sednon
494 255 522 301 et
532 251 641 317 segnior
650 249 709 302 ibat

59 324 204 375 Postremo
217 321 316 371 Durio:
328 321 403 386 pacis
414 319 447 369 de
458 334 532 370 more
543 325 654 386 putares
804 320 854 370 380

59 393 184 458 Aequata
194 389 285 441 fronte
296 394 324 440 et
336 388 467 441 concordi
477 403 586 439 currere
598 388 685 439 freno.
703 410 705 415 2

60 459 153 510 Sensit
164 465 194 508 ut
205 456 361 521 exhaustas,
373 458 418 525 qui
429 457 570 524 proximus
580 457 648 519 ibat,
659 449 779 508 Hiberus

61 527 195 578 Callaicas
206 528 289 594 Cyrni
297 528 377 589 uires,
389 540 449 589 nee,
460 531 573 590 utente,
584 524 677 579 salire·

60 596 244 663 Praecipitem
256 610 374 656 currum,
386 599 415 646 et
424 595 560 661 firmantes
570 595 684 646 verbere
694 594 757 663 cogi
788 660 792 664 Ι

60 665 176 717 Assiduo
187 665 322 716 violenter
336 678 430 732 equos,
442 679 493 715 ceu
504 671 597 715 monte
605 663 728 732 procella
806 663 856 714 38⁵

61 725 129 785 Curii
142 734 232 785 subita
242 747 277 784 ex
288 733 343 785 alto
355 735 419 797 ruit,
429 749 515 802 usquc
528 733 562 784 ad
575 734 646 785 colla
656 738 770 801 repente

62 802 245 872 Cornipedum
260 807 417 871 protentus,
439 804 511 856 etin
527 804 620 922 cdapsta
635 802 722 856 ardua
731 816 796 872 peu·

554 887 611 935 ens,

63 941 189 993 concitat
200 936 350 1004 ardentem,
362 939 435 1008 quod
445 938 531 993 ferret
539 940 601 993 lora
611 940 756 1006 secundus,

62 1009 230 1072 Panchaten,
242 1025 379 1078 vocesque
390 1009 467 1062 addit
478 1026 540 1062 cum
551 1011 665 1064 verbere
676 1013 789 1063 nuxtas:

62 1081 149 1143 Tene
159 1081 248 1142 Astur,
261 1078 798 1152 certanteferetquisquamaequorepul·
808 1096 859 1200 ωδ
924 1080 926 1085 '

534 1164 608 1202 mans

61 1215 184 1283 Ereptol
195 1217 343 1285 consurge,
352 1217 425 1279 vola,
436 1216 578 1284 perlabere
590 1231 717 1286 campum

62 1287 182 1339 Assuetis
193 1285 274 1336 velox
285 1286 389 1352 pennis.
416 1286 562 1338 Decrescit
572 1286 670 1348 anhelo

61 1355 180 1412 Pectore
192 1361 349 1406 consumtus
359 1354 560 1422 Lamponquec
571 1361 658 1407 restat
668 1355 763 1420 hianti,
800 1359 803 1367 '

63 1421 798 1491 Quemleratadmetas‚iamspiritus.llaecubidicte,
883 1487 885 1491 ,

54 1490 150 1544 ‘Tollit
161 1507 190 1544 se
202 1494 322 1561 sonipes,
332 1508 383 1545 cen
393 1498 459 1544 tunc
470 1509 486 1544 e
496 1507 608 1546 carcere
616 1495 706 1563 primo
807 1493 859 1549 39⁵

15 1626 18 1631 θ
64 1563 222 1631 Corriperet
231 1564 359 1630 spatium,
369 1569 406 1625 et,
417 1562 693 1632 nitentcmoppouere
701 1577 799 1617 curros

62 1632 118 1684 llut
129 1646 246 1700 aequare
258 1631 367 1700 gradus,
379 1634 499 1698 Cyrnum
509 1638 572 1699 post
578 1640 657 1701 terga
664 1634 799 1702 relinquit.
872 1648 875 1653 ’

64 1700 216 1754 Confremit
225 1707 254 1753 et
265 1696 380 1765 coblum,
391 1707 420 1752 et
430 1716 575 1770 percussus
584 1703 699 1755 vocibus
709 1702 772 1756 altis

63 1768 242 1838 spectantum
253 1772 356 1822 Circus.
384 1771 484 1824 Fertur
494 1771 608 1827 sublime
618 1787 668 1840 per
679 1787 760 1824 auras

63 1839 149 1890 Altius
160 1840 287 1892 attollens
297 1841 432 1894 cervicem
442 1841 531 1893 victor
542 1848 669 1895 ovantem
806 1843 859 1895 4⁰0

62 1907 226 1974 Panchates,
237 1910 381 1978 sociosque
393 1908 479 1962 trahit
489 1913 565 1979 prior
574 1913 633 1980 ipse
644 1910 758 1981 iugales.

62 1979 98 2029 st
107 1983 261 2044 postremus
271 1979 355 2041 Atlas,
365 1979 467 2031 Durius
477 1987 633 2047 postremus
642 1983 670 2033 in
681 1981 778 2034 orbem

61 2046 200 2099 Exercent
210 2053 292 2109 artes,
301 2048 394 2100 laevos
404 2064 476 2099 nunc
487 2051 592 2116 appetit
601 2050 646 2102 ille

63 2117 193 2178 (locutus,
203 2132 274 2167 nunc
285 2116 330 2168 ille
341 2118 448 2184 premit,
460 2125 602 2186 certatque
612 2118 704 2171 subire

61 2183 176 2248 Dexter,
188 2189 216 2236 et
227 2184 323 2236 alterni
333 2184 514 2254 nequidquam
525 2188 619 2240 fallere
630 2192 753 2240 tentent!
806 2188 859 2238 4⁰5

32 2310 40 2327 a
61 2252 168 2316 Donec,
181 2254 299 2322 confisus
308 2256 463 2322 primaevae
471 2254 541 2310 llere
550 2258 687 2321 iuventae,
775 2319 776 2323 Ἰ

47 2379 52 2384 ,
63 2321 209 2389 Obliquum
220 2323 322 2392 Durium
333 2326 470 2393 conversis
481 2341 583 2394 pronus
593 2323 708 2379 habenis

63 2391 200 2459 Opposuit
210 2407 327 2455 currum,
339 2400 555 2462 atqueeversum
566 2395 687 2464 propulit
696 2408 778 2450 exem
851 2446 858 2455 .

21 2460 24 2469 '
62 2461 178 2513 Atlantis
188 2462 263 2512 senio
274 2460 392 2526 invalidi,
404 2464 453 2515 sed
464 2465 537 2516 lusta
547 2466 700 2533 querentisr
724 2506 726 2512 .

17 2542 20 2546 ,
64 2530 127 2592 Quo
142 2528 216 2581 ruisi
238 2535 285 2581 aut
300 2533 408 2600 quinam
419 2530 464 2585 hic
479 2533 739 2656 rabilqiogqrtumiuls
755 2539 857 2654 est41⁰
882 2610 885 2615 Ι

63 2664 103 2720 Et
111 2664 190 2720 uobis
201 2671 230 2720 et
239 2662 317 2737 equis
326 2666 411 2723 letum
422 2653 565 2729 commuue
575 2641 699 2727 laborm·
