1906 3308
10 39 27 183 ,Ι
117 78 121 83 ·
218 119 472 181 Purllcoauro
496 121 634 183 alm
746 130 800 180 alt

11 278 20 303 .·
66 252 124 312 Ast,
135 247 194 310 tibi,
203 243 374 311 bellipotens,
385 257 502 306 sacrum,
516 247 690 296 constructus
700 259 798 298 acervo

57 317 175 386 ingenti
183 329 260 365 mons
272 326 408 363 armorum
417 311 547 378 surgebat
557 312 592 365 ad
603 318 686 365 astra.

10 399 12 405 ’
65 387 139 452 lpse,
148 398 231 434 manu
240 381 340 433 cobano
351 381 443 446 pinum
452 378 614 448 flammaque
626 386 779 436 comantem
807 381 859 437 550

66 451 209 514 Attollens,
220 449 318 502 ductor
329 447 477 501 Gradivum
486 448 515 499 in
525 450 592 500 iota
602 449 704 516 ciebat,

65 521 204 573 Primitias
212 531 320 586 pugnae
331 516 435 569 atlanti
444 515 572 570 libamina
581 516 656 570 oeli·

65 587 202 640 Hannibal
207 587 326 653 Ausonio
337 589 442 637 cremat
450 580 521 637 hacc
529 584 783 653 denominavictor,

65 655 175 724 littibi,
189 653 266 723 Mars
274 655 396 728 genitor,
404 654 532 711 votorum
545 650 620 708 haud
632 656 713 710 surde
723 664 798 712 tneo·

156 760 160 766 ·
194 750 197 759 ¹
223 751 224 754 ’
246 756 251 769 ’
535 738 606 789 mma

63 786 147 849 Arma
155 795 246 858 electo
255 793 329 848 dicat
337 791 578 862 spirantomtmbn
587 794 718 848 virorum.
805 792 856 846 555

62 865 144 928 Tum,
154 862 217 916 face
227 864 362 926 coniecta,
371 861 518 931 populatur
527 861 648 915 fervidus
657 864 728 932 ignis

39 948 53 970 *ι
60 932 237 1000 Flagrantcm
248 929 358 994 molem,
371 935 408 994 et,
418 935 500 996 rupta
509 930 633 999 ealigine,
643 932 671 985 in
682 945 762 1001 auras

59 1002 145 1054 Actus
157 1015 226 1068 apex
238 1001 312 1054 claro
322 997 461 1066 perfundit
471 998 571 1051 lumine
581 1015 702 1067 campos.

60 1070 135 1122 ilinc
145 1072 214 1123 citus
226 1071 261 1122 ad
270 1067 403 1122 tumulum
413 1067 567 1135 donataque
578 1068 675 1122 funera
684 1068 781 1123 Paullo
899 1117 902 1120 ⁴

59 1139 133 1202 Ibat,
143 1144 172 1192 et
182 1137 288 1191 hostilis
299 1139 348 1190 leti
357 1137 479 1190 iactabat
489 1134 631 1191 bonoram.
804 1137 856 1190 560

60 1203 210 1261 Sublimem
220 1207 339 1262 eduxero
349 1221 456 1274 pyram,
466 1205 615 1276 mollesque
624 1208 722 1260 virenti

61 1273 197 1328 stramine
208 1288 386 1342 composuere
397 1279 483 1325 toros.
504 1273 688 1342 superaddita
699 1275 782 1338 douo,

59 1342 321 1396 Funereum'dccusz
339 1342 459 1406 expertis
468 1341 570 1393 inrisus
581 1347 610 1394 et
619 1346 701 1406 ensis,

59 1413 100 1465 Et
114 1411 227 1480 clypeus
240 1416 332 1465 terror
345 1407 514 1466 Nomadums
536 1415 622 1531 ntqpe
632 1412 738 1484 insigne
752 1425 796 1468 sn·

534 1495 584 1546 per
603 1497 649 1534 um
706 1513 707 1516 =

63 1549 135 1600 Tum
144 1547 229 1600 laceri
238 1546 328 1602 fasces
340 1552 492 1616 captaeque
501 1547 530 1599 in
539 1550 629 1600 Marte
639 1542 759 1602 securos.
803 1548 854 1604 555

60 1616 123 1669 Non
134 1617 233 1669 coniux
242 1618 334 1670 native
345 1618 468 1680 admant,
478 1629 533 1668 non
541 1617 635 1668 iuncta
641 1620 794 1737 propinquo

60 1684 198 1755 Sanguine
209 1687 397 1750 tubaniam,
408 1690 456 1755 ant
462 1684 541 1738 celsis
551 1684 679 1738 demorte
698 1690 794 1742 eretria

60 1754 233 1809 Praecedens
244 1756 336 1823 prisca
347 1755 490 1827 exsequias
499 1754 650 1807 decorabat
659 1756 761 1824 imago.

62 1823 192 1877 Omnibus
202 1825 305 1876 exuviis
315 1825 388 1878 nudo
401 1825 458 1876 iam
475 1839 510 1876 ue
518 1824 656 1876 Hannibal
664 1840 736 1878 unus

61 1889 231 1945 Satdeooris
239 1893 368 1946 laudator
378 1839 596 1960 cramffulgentia
605 1895 700 1964 pingui
749 1943 752 1947 ,
804 1894 856 1948 550
870 1896 880 1943 ζ

61 1960 168 2010 Murice
177 1961 314 2026 suspirans
323 1960 543 2014 inicitselamina
552 1967 581 2014 et
592 1976 659 2014 auro
910 2010 913 2015 .

62 2027 199 2079 lntcxtam
218 2025 405 2097 chlamydem,
422 2043 457 2083 ao
472 2044 603 2097 ‚supremo
625 2029 727 2088 affatur
746 2028 795 2087 ho·

236 2118 244 2127 ·
532 2111 615 2150 nore:
656 2143 659 2147 .
736 2110 738 2114 ’

62 2162 86 2224 l,
95 2159 179 2214 decus
190 2159 334 2225 Ausoniae,
344 2175 398 2229 quo
408 2158 451 2214 ias
462 2168 505 2215 est
513 2165 555 2216 ire
565 2167 697 2232 superbas

61 2231 171 2285 Virtute
183 2236 212 2282 et
221 2230 302 2282 factis
313 2232 424 2282 animas.
451 2232 515 2284 Tibi
524 2231 612 2301 gloria
620 2234 677 2287 leto

50 2301 120 2354 ,lam
131 2299 332 2368 partoinsigni
355 2297 472 2352 Nostros
483 2300 608 2354 Fortuna
616 2302 727 2371 labores
803 2301 854 2355 575

33 2376 42 2384 “
60 2369 163 2424 Versat
173 2366 271 2433 adhuc,
282 2382 414 2435 casusque
423 2368 615 2424 iubetnescire
625 2370 742 2426 futuros.

61 2438 141 2497 llaec
150 2437 254 2510 Libyn
270 2442 351 2511 atque
360 2452 460 2511 repens
469 2440 665 2562 emppltmubm
674 2441 793 2512 undique

28 2539 56 2576 ἰ,
535 2512 649 2581 'amm

62 2574 211 2635 temerans
221 2579 311 2636 amma
321 2578 462 2637 exsultans
472 2580 713 2639 orasitinauxas.

52 2645 813 2728 inelaboratossancrosanctum-2.
