1906 3308
180 105 435 167 PUNICORUM
463 108 545 164 [ΑΒ.
568 110 658 167 xvir.
745 110 797 167 369

57 243 128 297 com
139 235 218 290 stetis
229 246 315 300 prope
325 228 385 281 mel
398 230 470 293 Vidi,
483 234 618 284 certantia
630 231 708 284 coelo

58 315 128 367 Cum
138 310 204 372 iuga
216 303 351 362 calcastis,
363 316 481 352 summas
492 302 606 352 volitare
617 318 667 369 per
676 302 766 368 Alpes.
806 300 859 353 320

57 384 129 435 cum
139 375 256 434 rideam,
269 385 384 439 quorum
395 369 470 421 ferro
482 372 660 439 manibusque
672 385 790 438 capaces
816 429 820 436 ,

56 453 158 506 Arsere
169 443 321 510 Argyripae
333 440 431 505 campi,
442 455 506 490 num
517 442 628 508 segnior
637 441 690 493 ibis

56 519 139 576 Nune
150 510 225 574 mihi,
236 511 282 578 qui
292 510 394 577 primus
405 515 518 577 torques
528 511 556 560 in
569 511 678 562 moenia
687 508 774 563 telum

56 584 201 644 Dardana,
212 595 263 631 nee
273 583 385 630 nostrae
395 577 483 630 facilis
493 580 646 631 concedere
657 577 749 631 laudii

57 659 103 711 're
113 666 190 713 vero,
200 655 238 712 te,
248 653 276 701 te
288 647 468 712 exstimulem,
479 649 527 716 qui
536 648 650 701 fulmina
661 655 767 716 conus,
809 647 861 701 325

57 728 98 784 Et
107 720 224 781 nimbos,
234 719 415 785 tonitrusque,
428 733 460 768 ae
471 720 570 769 summi
578 719 787 785 numinis‘ires‚·.
891 730 895 741 “

58 796 129 849 Cum
141 795 253 850 starem,-
263 786 386 854 perferre
397 787 476 839 ferox
486 802 521 838 ao
532 804 603 840 vana
611 787 725 840 iubebas
828 788 838 801 '

58 859 170 921 Nubila,
182 862 211 908 et
221 862 284 907 ante
296 856 393 908 ducem
405 858 541 924 Capitolia
552 858 626 910 celsa
657 854 769 910 etehaui

61 930 136 997 Quid
145 942 205 990 vos,
216 931 276 994 quis
287 925 362 977 claro
368 927 488 978 deletum
494 934 537 979 est
542 875 801 996 ermegaguntum,

61 999 212 1060 Exhortor,
223 1003 293 1065 quos
304 997 450 1049 nobilitant
461 997 613 1064 primordia
621 996 703 1049 bullit
808 976 864 1048 333

60 1073 99 1127 Ut
109 1082 207 1136 meque
218 1073 247 1118 et
256 1067 334 1119 vobis
345 1067 464 1137 dignum,
475 1067 623 1132 defendite,
632 1082 747 1136 quaeso,

18 1138 23 1149 “
60 1138 231 1197 Praeteritae
243 1136 355 1189 dextrae
366 1138 471 1190 laudes.
499 1137 599 1189 Dimim
608 1138 668 1204 ipse
678 1136 784 1201 farore,

61 1205 260 1272 vincendoque
272 1220 356 1258 senex
366 1209 485 1275 patriam
497 1213 561 1275 post
569 1208 643 1258 trina
652 1204 793 1261 lahantem

56 1281 176 1338 Lustra,
187 1280 217 1326 et
225 1289 280 1326 non
290 1277 364 1328 visos
375 1283 433 1327 tum
443 1277 527 1345 longa
534 1281 766 1343 aetatepenates,

60 1351 102 1406 Aa
112 1350 217 1408 natum,
230 1351 257 1396 et
267 1345 337 1396 lidae
347 1347 403 1398 ium
414 1346 518 1414 pridem
529 1347 652 1414 coniugis
663 1360 722 1409 ora,
772 1346 775 1350 ’
810 1343 862 1399 333

62 1417 188 1474 conlisus
200 1415 287 1478 vobis,
298 1422 404 1482 repeto.
432 1415 494 1468 Non
504 1416 592 1468 ultera
600 1420 688 1468 restet

61 1485 238 1552 lamLihye3
249 1501 300 1536 neo
312 1486 458 1538 Dardaniis
469 1501 561 1555 pogna
571 1485 659 1537 ultera
669 1489 767 1538 restat.

45 1609 49 1619 ,
63 1560 192 1613 certatus
203 1554 282 1607 nobis
292 1553 374 1608 hodie
385 1556 524 1608 dominum
535 1557 636 1623 accipit
645 1554 729 1607 orbis.
755 1595 756 1598 η

63 1625 202 1682 Hannibal
211 1622 355 1678 haeorsed
365 1642 420 1679 non
431 1623 803 1694 patieasremoruutiarerba
858 1646 862 1652 ·
905 1644 910 1665 -·

62 1696 198 1753 Ausonius
208 1695 294 1760 miles,
305 1698 412 1766 quoties
422 1696 479 1749 dux
488 1702 620 1764 coeperet
630 1711 680 1748 ors
810 1694 863 1750 343

63 1767 177 1822 Solvere
188 1767 222 1819 ed
234 1765 345 1834 allatus,
354 1769 460 1838 signum
469 1781 643 1837 pugnamque
652 1764 792 1834 petebant,

62 1838 142 1892 Heee
152 1838 249 1906 procul
260 1839 335 1893 aeria
345 1839 531 1907 speculantem
540 1833 614 1891 nube
624 1851 752 1889 sororem
814 1862 816 1866 ·
868 1866 874 1874 ›

63 1910 101 1962 Ut
109 1907 178 1960 vidit
187 1908 288 1965 Divum
298 1911 416 1977 genitor,
427 1915 602 1977 maestosque
613 1909 663 1960 suh
673 1907 733 1959 ucri

65 1976 171 2030 Obtutu
180 1977 280 2040 vultus,
291 1980 330 2029 sio
341 1994 389 2031 ore
402 1978 501 2032 effatus
512 1979 602 2030 amiso
613 1984 669 2031 ests
777 1978 781 1987 “

66 2047 120 2110 Qui
129 2052 157 2098 te
168 2047 265 2098 mentis
277 2046 361 2099 edunt
370 2042 487 2111 morsus,
497 2047 535 2099 da
542 2062 668 2110 noscere,
679 2045 792 2099 eonion
810 2045 863 2100 ³45

64 2115 136 2172 Num
146 2115 234 2166 Poeni
244 2131 323 2168 casus
336 2117 422 2180 duols,
434 2122 463 2169 et
473 2115 645 2185 Carthaginis
657 2117 734 2185 angit
839 2131 842 2136 ·

64 2186 138 2238 Cura
146 2183 228 2235 tunel
239 2183 376 2237 Sedenim
385 2192 485 2253 repnte
495 2192 587 2238 tecum
596 2188 659 2254 ipsu
668 2185 778 2243 furores

64 2251 201 2305 Sidonios.
234 2253 351 2306 Gentem
361 2262 459 2307 contm
468 2261 498 2308 et
506 2255 602 2308 fatalia
612 2266 700 2324 regne

64 2323 237 2376 Teucrorum
249 2325 308 2391 quis
319 2325 380 2388 erit,
391 2339 503 2392 quaeso,
511 2339 654 2444 germana,
664 2325 763 2381 rebelli

63 2391 172 2448 Fraetis
183 2391 340 2445 foederibus
351 2394 453 2462 populo
463 2408 508 2444 mo
529 2393 578 2445 usi
589 2394 653 2461 lpso
661 2395 799 2454 mulorum
813 2400 866 2454 35⁰

63 2461 127 2519 Non
136 2460 197 2530 pluo
208 2461 346 2532 Carthago
357 2463 429 2526 tulit,
440 2461 620 2531 exhausitque
630 2462 745 2534 loboris,

66 2534 156 2597 Quam
165 2546 216 2599 pro
228 2532 348 2585 Cadmea
357 2538 389 2584 tu
396 2533 524 2584 ‘exercitu
534 2538 616 2600 geute
626 2533 722 2589 tulisti.

65 2602 197 2659 'i'urhastl
206 2603 295 2654 muria
304 2617 338 2654 sa
347 2608 445 2666 terras,
453 2602 634 2670 iuvenemque
646 2600 772 2666 ferocem
800 2638 803 2643 -

64 2672 181 2730 tunna
190 2671 582 2736 Lutratrenuermtuomm
590 2671 706 2740 Romae,

102 2739 226 2806 sinsus
244 2743 341 2800 lusu.
653 2743 701 2800 Aa
