1906 3308
807 42 818 69 ι

233 116 283 163 fil
426 112 454 163 C.
483 106 586 162 Silili
613 110 776 163 irtulcl

171 237 221 282 2ltl
232 237 277 291 lc,
292 247 352 282 rura
362 230 468 299 quaudo
477 229 697 295 affertlrihycum
705 227 938 300 fortunapernn.
950 261 953 281 ι

230 304 389 362 Ductorem,
400 300 483 361 facili,
495 315 563 366 quae
574 300 672 362 dicam,
703 301 798 366 ercipc
809 312 919 358 menta.

229 372 266 421 Et
276 386 333 432 rus,
346 371 391 437 qui
402 369 506 443 Tyriae
518 369 613 435 regitis
624 314 796 436 Gartffiaginis
807 385 904 437 maes,

228 438 385 491 Hasdrubal
392 472 401 503 ,
411 436 466 490 huc
475 450 571 501 aures,
580 434 634 489 huc
645 438 904 506 quacscatlrartite
919 482 922 487 .
935 465 953 487 m

684 521 754 561 sus.
795 520 799 529 ·

230 577 339 639 Quanta
349 589 399 642 per
408 574 543 627 Ausonios
552 574 669 642 populos
679 574 853 629 torrentibus
864 580 950 633 muris

168 644 219 697 215
230 648 393 711 Tempestas
401 649 473 707 ruat,
483 649 513 695 et
521 643 604 694 Latio
614 656 740 711 suprema
749 646 886 712 minetur,

228 716 251 765 l?
254 722 318 781 tque
327 714 424 765 bibant
433 713 549 777 Tyrium
562 712 605 764 bis
615 713 712 780 quinos
723 726 807 765 saera
815 728 872 781 per
883 730 949 771 nnn

228 782 330 833 Sicana
340 796 412 833 nunc
423 781 512 842 tellus,
522 795 593 831 nunc
602 779 685 832 litura
694 781 800 833 Hibera
810 786 952 849 amoram,

226 852 276 902 (lui
287 852 392 901 nescire
402 846 485 900 licett
496 849 566 911 Quin
576 863 643 917 ergo
653 850 744 901 tristia
752 849 871 906 tandem

138 974 151 993 x
226 919 377 971 Considunt
385 918 467 981 bella,
477 923 507 969 et
517 918 654 984 deponitis
664 931 741 970 arma
750 918 900 975 volenteal

165 990 217 1041 220
227 989 271 1039 Tu
280 987 460 1054 Libyatuta
470 986 591 1039 Ausonia
600 984 729 1039 cohibere
740 994 895 1043 monento.
933 1012 936 1019 ·

224 1056 309 1109 Haud
319 1054 450 1108 deformis
461 1055 514 1106 crit
522 1054 599 1105 vobis
610 1054 645 1106 ad
656 1054 870 1113 foederarent
882 1068 887 1073 '

224 1125 346 1179 Pacatcr
355 1123 513 1191 mediusque
525 1120 648 1190 Syphax.
676 1123 940 1247 Subiungcrefflura

224 1194 286 1246 Non
297 1209 408 1262 passus,
419 1193 508 1261 gentis
520 1206 626 1244 morem
637 1192 832 1263 arbitriumque
866 1210 933 1249 ena

225 1262 318 1332 Scipio
329 1263 509 1325 demonstrat,
517 1261 634 1329 vanique
646 1260 779 1315 absistere
791 1264 894 1333 coepti·

163 1332 216 1386 225
228 1332 282 1400 Spe
292 1332 382 1396 iubet,
393 1338 421 1384 ct
430 1331 529 1384 Patres
539 1331 622 1383 dccet
631 1329 701 1383 haec
711 1346 745 1383 ex
766 1330 869 1387 endere
878 1346 911 1385 su
928 1355 940 1376 ιῚ
952 1361 953 1374 1

225 1401 363 1454 Suadcndi
373 1400 470 1453 modus
480 1399 538 1453 hic:
550 1401 676 1469 quodque
686 1404 729 1453 cst
739 1346 773 1453 <fa
783 1406 865 1469 parte
875 1400 930 1455 dial

223 1473 325 1525 Exacti
334 1486 425 1539 super,
436 1470 471 1521 ad
483 1484 590 1522 mensas
601 1476 630 1522 ct
640 1469 740 1537 pocula
748 1476 869 1525 vertunt

224 1543 322 1608 Atque,
333 1540 569 1608 epulispostquam
576 1540 645 1602 finis,
657 1538 950 1607 dnntcnrporascnrnc

224 1610 262 1662 Et
271 1610 340 1662 dura
350 1610 378 1661 ln
388 1615 498 1660 noctem
509 1623 635 1660 curarum
644 1607 752 1661 vincula
761 1608 881 1663 solvunt.

162 1676 215 1733 230
227 1680 338 1747 lamque
351 1693 452 1731 norum
462 1680 544 1729 terris
555 1678 680 1744 pariebat
688 1676 780 1733 lintius
790 1678 881 1745 primu
939 1738 942 1743 ,

223 1749 246 1800 Ε
282 1747 375 1798 edicns
385 1748 491 1797 Aurora
501 1747 582 1808 diem,
592 1746 760 1814 stabulisque
770 1746 901 1799 subibant

210 1764 339 1883 'affinga
348 1815 413 1867 solis
424 1816 496 1882 equi,
507 1813 623 1865 necdum
632 1817 691 1881 ipsc
701 1814 949 1869 ascenderataxem

224 1884 278 1937 scu
288 1884 460 1951 prorupturis
470 1881 620 1933 rutilabant
629 1882 891 1951 aequorallammist
905 1940 908 1945 ,

224 1954 318 2022 Exigit
328 1967 344 2004 a
354 1952 447 2004 stratis
458 1966 568 2019 corpus,
578 1951 708 2020 vultuque
718 1966 817 2005 serene

162 2022 215 2078 235
228 2022 320 2090 Scipio
330 2021 471 2073 contendit
480 2021 595 2089 Massyli
606 2021 642 2073 ad
651 2021 745 2073 limina
754 2022 836 2091 ragis.

165 2145 171 2159 ,
221 2093 264 2146 llll
273 2107 333 2143 mus
344 2092 449 2158 patrius
458 2091 531 2143 settis
541 2092 643 2142 nutrire
653 2088 771 2153 leonum,

221 2163 261 2214 Et
269 2161 366 2213 catulis
377 2161 482 2212 rabiem
492 2166 574 2227 atque
583 2160 638 2211 iras
650 2158 785 2225 expellere
796 2154 906 2215 alendo.

221 2232 294 2281 Tum
304 2228 588 2298 quoquotulramanu
596 2225 945 2294 mulcebatccllaiubasque

220 2299 259 2350 Et
269 2297 329 2349 fera
337 2297 624 2351 tractabatludcntum
635 2295 775 2347 interritus
785 2308 844 2347 ora.
880 2334 884 2339 .

160 2367 215 2423 24⁰
222 2365 391 2420 Dardanium
405 2372 549 2487 postauam
561 2365 704 2418 ductorem
715 2364 823 2431 accepit
833 2360 942 2427 adema,

221 2434 348 2489 Induimr
358 2434 467 2503 chlamy
487 2451 540 2498 am,
550 2434 680 2502 regnique
691 2432 796 2500 insigne
805 2431 908 2485 vetusti

224 2502 325 2557 Gestat
333 2504 414 2557 laeva
423 2505 522 2557 (locust
534 2504 678 2571 cinguntur
687 2506 813 2569 tempora
823 2500 895 2553 vitta

221 2575 345 2638 Albente,
355 2588 388 2627 ac
396 2573 477 2627 lateri
488 2573 522 2625 de
533 2586 609 2625 mure
620 2571 798 2640 adstringitur
808 2568 890 2623 ensis.

222 2635 931 2721 llirrciutectarecatsecret'squaaedibmhcapss
