1906 3308
148 551 152 557 ,
193 485 254 549 nr.
329 481 357 573 ἢ
389 484 420 537 c.
445 480 553 537 sinn
578 481 747 537 rrnnrcr

194 605 350 669 Femineae,
360 617 523 672 mensaeque
534 601 587 654 ali'a
596 602 693 656 tellure
702 602 822 671 petitae,

135 675 186 737 355
196 670 354 742 poculaque
364 674 426 724 an
435 673 528 723 luxum
537 672 672 723 irritentie
681 687 798 740 gemma.
839 698 843 703 ,

195 744 253 798 Nec
264 742 362 795 modus
373 746 497 810 argento,
508 740 666 809 caelataque
676 741 800 808 pondera
808 738 883 795 faeti

197 817 317 866 Tantum
328 810 414 879 epulis
425 811 496 872 auri,
503 815 561 860 tum
572 812 675 877 passim
683 825 803 876 corporo
811 809 903 881 longo

198 882 300 935 Ordine
312 881 432 949 captiva,
443 884 472 930 et
482 878 605 930 domibus
617 878 761 945 depromta
771 878 889 945 talentu,

196 951 315 1005 Poscere
320 949 500 1018 longinquum
510 961 564 998 non
576 947 730 1000 deficientia
740 947 853 1012 bellum,

138 1019 188 1074 360
198 1019 377 1087 lmmenaiqne
388 1014 614 1085 greges'iemulae
625 1016 660 1067 ad
670 1017 795 1068 convivia
802 1017 913 1073 turbae.

197 1089 316 1151 Fulvius,
326 1091 358 1138 ut
367 1087 449 1137 linem
458 1083 609 1153 spoliandis
618 1085 739 1149 aedibus,
750 1099 815 1137 aere

197 1158 336 1224 Belligero
346 1159 503 1218 revocante,
514 1152 598 1217 dedit,
610 1154 731 1211 sublimis
742 1153 775 1206 ab
789 1154 847 1208 alto
889 1190 892 1194 -

200 1226 346 1293 suggestu,
356 1223 461 1291 megaris
472 1227 569 1274 auctor
579 1237 633 1274 non
644 1221 728 1275 sutilis
739 1223 832 1277 ousiae

199 1295 323 1346 Lanuvio
334 1296 473 1361 generate,
482 1293 509 1343 in
528 1293 578 1354 uit,
589 1306 669 1360 quem
680 1290 792 1359 Sospita
802 1292 873 1346 luno

112 1398 118 1405 -
140 1364 190 1416 365
199 1364 256 1415 Dat
266 1361 354 1426 nobis,
364 1361 441 1423 Milo,
454 1361 512 1427 Gra
532 1361 538 1374 '
557 1361 646 1426 ioape
657 1359 906 1428 rictorhonorem,

121 1443 126 1456 ·
199 1435 337 1499 Tempore
347 1429 445 1481 murali
456 1431 561 1498 moeurs
572 1429 672 1480 turrita
683 1444 794 1482 corona.
886 1490 892 1497 ,

200 1504 272 1554 Tum
281 1499 371 1550 fontes
382 1512 525 1566 procerum
535 1498 702 1565 meritosque
711 1498 819 1567 piacula
828 1500 913 1567 primo

198 1571 295 1631 Acciit,
306 1573 334 1619 et
344 1569 417 1618 iusta
428 1568 505 1634 punit
516 1567 660 1621 commissa
670 1569 767 1619 securi.

197 1641 255 1692 llic
263 1643 344 1689 atrox
352 1638 447 1707 virtus,
457 1638 520 1698 (nec
531 1637 602 1689 enim
613 1636 764 1688 occuluisse
775 1636 913 1704 probarim

139 1710 189 1762 3ῖο
200 1709 360 1776 Spectatum
372 1705 415 1757 rel
425 1707 453 1756 in
464 1703 545 1757 lioste
553 1705 648 1770 decus)
660 1706 779 1757 clamore
789 1705 889 1775 feroci,

126 1785 133 1793 ⁵
199 1780 317 1840 Taurea,
330 1776 417 1836 lime,
426 1775 521 1842 inquit,
532 1774 606 1826 ferro
616 1774 744 1840 spoliabis
752 1774 855 1828 inultus

199 1849 240 1898 Te
250 1846 382 1897 maiorem
393 1842 526 1894 animanti
536 1849 565 1894 et
572 1844 648 1894 iusso
658 1843 758 1895 liotore
764 1846 855 1898 recisa

200 1917 316 1982 lgnuvos
328 1912 409 1971 cadet
419 1915 483 1964 ante
493 1912 576 1981 pedes
586 1911 736 1964 fortissima
746 1913 856 1967 eerrixi

200 1983 284 2036 Haud
302 1997 422 2049 unquam
439 1978 493 2033 hoc
512 1981 590 2033 robis
609 1981 716 2034 dederit
735 1983 820 2035 Deus.
855 1982 913 2039 Indi

235 2062 241 2069 ’
391 2091 395 2097 .
668 2051 769 2102 minaci

141 2122 191 2177 375
203 2122 307 2176 Obtutu
317 2124 424 2170 torrem
436 2123 534 2171 contra
542 2124 571 2172 et
579 2117 676 2171 furiale
686 2120 822 2184 renidens,

199 2191 364 2245 Bellatorem
376 2186 525 2255 alacerper
535 2193 649 2256 pectora
658 2190 786 2258 transigit
796 2204 899 2244 ensem.

160 2314 164 2323 ,
200 2263 249 2315 Cui
260 2260 365 2324 ductor,
376 2256 499 2311 Patriam
508 2258 626 2309 moriens
638 2259 768 2311 comitare
780 2259 913 2327 cadunien

200 2331 255 2393 Qui
265 2328 343 2380 nobis
354 2328 467 2392 animus,
479 2341 547 2395 quoe
559 2326 684 2392 dextera,
696 2328 792 2396 quidve
802 2330 909 2389 viritim

91 2405 94 2408 ’
198 2401 337 2452 Decernet
346 2392 465 2448 Mavors.
494 2396 706 2466 Tibi,sirebare
716 2397 873 2465 pudendum

140 2471 192 2523 380
200 2473 278 2523 iussu
287 2467 354 2535 pati,
364 2465 442 2517 licuit
450 2467 581 2535 pugnanti
593 2467 755 2527 occumbere
763 2467 857 2529 letum.

199 2540 272 2591 Dum
286 2539 380 2605 Capua
396 2534 545 2589 infaustam
560 2535 611 2586 luit
629 2534 702 2587 houd
712 2537 780 2588 ‘eine
800 2535 913 2607 sanguin

670 2606 715 2656 cul
733 2621 788 2670 arn,
858 2612 861 2617 '

199 2676 308 2729 interea
318 2674 441 2743 geminos
449 2678 526 2725 terra
538 2671 653 2725 crudebs
662 2621 768 2727 iliblbra

198 2747 321 2798 Fortuna
331 2742 488 2805 abstulerat,
499 2745 664 2810 permiscens
673 2744 764 2796 tristia
772 2743 861 2808 laetis,

199 2813 354 2884 Scipiadas,
373 2826 554 2883 magnumque
569 2812 868 2932 decumlmognumque
882 2812 913 2869 dt

681 2896 765 2934 orem.

125 2951 181 3002 385
190 2951 281 3005 Forte
289 2947 562 3005 Dicarcbeniurenis
571 2950 636 3004 dum
645 2949 831 3003 seditinurbo

84 3084 88 3091 .
176 3020 286 3095 Scipio,
296 3030 369 3098 post
379 3024 449 3081 belli
458 3028 593 3096 repetens
602 3024 860 3087 extremupenntes,
