1906 3308
189 103 648 162 PUNlcORUMLIB.'x111.
742 106 794 162 aaa
852 156 855 162 ⁴

61 237 149 300 Aeger
160 231 265 292 delicti,
275 227 425 296 Phrygium
436 224 546 295 placare
558 227 673 280 colendo

60 303 181 363 Numen,
192 307 219 351 et
229 301 327 350 iliacos
338 305 417 365 parat
427 313 542 349 exorare
552 299 679 349 Penates.

60 373 160 439 Ingens
168 372 223 420 iam
234 369 364 434 templum
376 368 448 418 celsa
459 367 590 433 surgebat
598 370 627 417 in
637 382 711 431 aree,

61 438 286 492 Laomedonteae
297 436 376 488 sedes
386 437 495 504 ingrata
503 437 656 487 Minervae:
792 474 795 479 .
820 435 855 488 55

63 510 131 559 Cum
141 507 245 558 medios
254 507 326 557 inter
337 519 448 557 somnos
459 504 594 572 altamque
606 505 744 571 quietems

61 576 122 630 Nee
133 576 222 628 celata
230 574 328 638 Deam,
340 580 368 625 et
378 575 506 626 minitans
517 575 643 625 Tritonia
651 575 743 642 virgei
793 574 796 578 ’

61 645 125 698 Non
135 642 212 708 haec,
224 644 346 711 Tydide,
358 649 452 695 tantae
463 658 513 712 pro
523 643 611 695 laudis
622 640 727 695 honore

62 715 154 782 Digna
164 729 254 781 paras,
265 728 320 764 non
332 713 490 780 Garganus,
502 728 553 765 nec
562 710 672 788 Daunia
682 712 763 764 telius
878 770 881 775 ,

61 783 205 842 Debentur
214 782 301 834 uobis.
314 813 319 823 ,
332 782 438 843 Quaere
449 785 477 833 in
487 782 671 835 Laurentibus
682 782 763 845 arsis,
823 780 858 832 oo

64 854 119 915 Qui
128 868 198 903 nunc
209 853 297 918 prima
306 850 401 902 looant
410 852 530 903 melioris
540 852 650 903 moenia
660 852 771 903 Troiae.

61 923 126 975 Huc
137 923 219 973 vittas
231 925 390 987 castumque
400 919 474 971 refer
483 920 624 988 penetrale
635 927 788 987 parentum.

63 993 133 1054 Quis
143 990 265 1058 trepidus
276 991 385 1041 monitis
396 988 525 1040 Saturnia
535 1005 621 1057 regna
631 993 758 1056 capessit.
778 992 782 1003 '

61 1062 122 1114 lam
132 1059 227 1125 Phryx
238 1059 374 1110 condebat
384 1058 500 1109 Lavinia
510 1059 646 1126 Pergama
655 1062 754 1124 victor,

62 1126 198 1198 Armaque
208 1129 341 1180 Laurenti
351 1127 454 1195 iigehat
465 1128 551 1179 Troia
560 1129 633 1181 luco.
825 1126 858 1178 65
897 1134 900 1139 ⁴

62 1200 168 1269 Verum
183 1199 231 1250 ubi
241 1195 380 1264 Tyrrheni
394 1204 556 1316 perventuqlr
572 1198 607 1249 ad
621 1197 738 1250 fluminis
750 1211 797 1248 un·

58 1298 60 1306 .
248 1286 257 1304 t
417 1278 424 1288 ⁶
554 1282 594 1329 as,

65 1333 358 1403 [CastraqueTydides
368 1335 461 1401 posuit
469 1334 601 1402 fulgentia
610 1333 693 1402 ripa,]
776 1342 781 1359 ·

62 1403 218 1456 Priamidae
229 1405 394 1455 intremuere
405 1409 488 1455 metu.
508 1406 587 1466 Tum,
599 1405 715 1472 pignora
723 1404 800 1470 pacis

62 1471 252 1525 Praetendens
263 1472 361 1524 dextra
371 1487 462 1523 rarum
474 1475 596 1524 canentis
607 1473 704 1534 olivae,

63 1539 110 1592 Sic
122 1557 201 1593 orsus
211 1541 302 1592 Dauni
313 1556 398 1610 gener
408 1543 480 1597 inter
490 1557 629 1592 murmura
639 1543 791 1594 Teucrdms
825 1541 860 1591 te

62 1610 149 1673 Pone,
159 1608 331 1674 Anchisiade,
342 1625 478 1663 memores
486 1613 596 1678 irasque
606 1616 765 1676 metusque:

41 1741 43 1744 ¹
65 1679 202 1747 Quidquid
214 1679 249 1729 ad
259 1678 357 1732 idaeos
366 1678 506 1731 Xanthum
517 1679 710 1747 Simoentaque
722 1677 801 1730 nobis

64 1746 203 1816 Sanguine
213 1748 339 1800 sudatum
349 1749 508 1818 Scaeaeque
520 1749 554 1801 ad
563 1749 657 1801 limina
667 1753 774 1815 portae,

63 1817 147 1868 Haud
157 1823 282 1869 nostrum
294 1823 352 1868 est:
368 1831 449 1886 egere
459 1819 513 1870 Dei
524 1818 663 1886 duraeque
673 1831 793 1869 sorores.

63 1884 158 1950 Nune,
173 1901 239 1954 age,
258 1887 328 1954 ¹uod
342 1894 482 1958 superest,
500 1903 549 1941 cur
565 1904 620 1941 non
634 1887 802 1950 melioribus,
826 1953 861 2005 15
874 1929 877 1932 .

227 1998 245 2006 ..
538 1959 599 2010 aevi

65 2020 198 2075 Docimus
208 2023 483 2089 auspiciisiDextras
493 1994 637 2094 iungam’us
646 2026 776 2081 inermes.

64 2089 212 2153 Foederis,
228 2103 277 2155 en,
293 2089 362 2144 haee
375 2095 454 2145 tenda
470 2096 530 2146 erit.
559 2095 729 2163 veniamque
739 2108 802 2162 pre·

99 2193 102 2200 ·
536 2169 615 2215 catus

67 2227 217 2297 Troianam
229 2231 351 2281 ostentat
360 2229 473 2296 trepidis
486 2230 519 2282 de
531 2247 621 2298 puppe
632 2233 800 2288 Minervam:
845 2266 849 2275 ι

64 2296 145 2348 Haec
157 2311 239 2348 ausos
250 2296 341 2351 Celtas
352 2301 503 2366 irrumpere
514 2303 624 2351 moenia
632 2300 737 2353 Romae
760 2338 762 2349 .
841 2319 843 2323 ¹

66 2366 204 2432 corripuit
213 2365 382 2435 letoqnoque
392 2373 436 2419 tot
446 2369 478 2420 de
489 2369 606 2420 millibus
616 2384 700 2420 unum
798 2411 802 2417 .
827 2371 861 2421 80

64 2434 185 2501 ingentis
196 2437 290 2503 populi
301 2439 403 2504 patrias
413 2438 514 2489 dimisit
524 2439 558 2489 ad
569 2452 640 2491 aras.

65 2503 118 2555 His
128 2502 234 2557 fractus
245 2506 344 2558 ductor
354 2503 469 2559 convelli
479 2507 691 2575 signamanipiis

66 2572 169 2637 optato
180 2574 260 2627 lactis
271 2576 346 2627 abitu
357 2577 454 2628 iubet·
468 2578 565 2628 ituria
578 2592 668 2644 agros,

64 2637 149 2696 Dives
158 2643 206 2696 ubi
217 2651 280 2698 ante
292 2661 386 2729 omnes
396 2647 495 2700 colitur
504 2647 622 2701 Feronia
630 2647 702 2711 luco,
