1906 3308
148 80 636 178 'ruurcouuuuritur.¹
729 101 804 172 121'

49 251 137 316 Atque
148 249 255 297 antrum
267 247 399 304 maaet
409 243 458 293 visi
468 240 617 308 procedere
628 255 730 291 manes.
790 239 840 288 180
936 288 939 293 ,

52 316 168 378 Quantis
178 313 274 364 armati
287 313 390 361 coelum
402 313 504 377 petiere
517 310 648 378 Gigantes

53 384 205 452 Anguibus:
225 386 271 430 aut
283 386 397 446 quantus
408 381 514 430 Lernae
525 379 635 429 lassarit
645 378 673 426 in
683 374 761 426 undis

18 460 23 467 ’
56 449 316 518 Amphitryoniaden
327 463 450 513 serpens3
470 448 608 515 qualisque
619 446 764 497 comantes·

40 520 44 527 '
55 524 129 574 Auru
139 518 257 570 servarit
267 531 357 565 ramos
368 517 494 565 lunonius
505 517 612 582 anguis:

56 591 163 640 Tantus
173 586 287 638 disiecta
296 584 391 634 tellure
403 584 451 634 sub
463 590 536 634 astra
547 597 690 633 coruscum
794 583 845 633 185

56 656 162 708 Extulit
171 668 315 719 assurgens
327 659 417 718 caput,
431 658 511 719 atque
523 653 549 701 in
561 651 651 702 nubila
663 651 776 716 primam

56 724 193 791 Dispersit
203 723 315 782 saniem,
327 727 355 770 et
366 722 469 771 coelum
482 720 602 771 foedarit
612 718 695 768 biatu.

48 791 230 859 Diffugimus,
240 797 401 856 tenuemque
412 797 486 840 metu
497 804 629 840 conamur
637 785 727 839 anheli

50 861 169 917 ,Tollere
181 857 327 908 clamorem
337 857 451 908 frustra:
469 874 531 908 nam
543 859 620 909 sibila
629 863 719 908 totum

55 927 209 995 implebant
218 941 321 976 nemus.
349 927 382 976 nt
393 926 482 977 subita
492 926 634 976 formidine
647 942 744 979 caecus
798 929 848 979 lue

20 1058 23 1063 ,
55 998 95 1050 Et
105 994 349 1065 faetidamnandus
359 997 446 1045 Avens
458 995 517 1057 (scd
528 994 587 1045 fata
596 992 752 1061 trahebant)

56 1067 120 1129 Anti
139 1078 190 1114 uae
203 1077 317 1129 quercus
325 1064 428 1131 ingenti
437 1064 537 1114 robore
547 1078 607 1114 sese

58 1081 176 1194 ucula,
187 1130 326 1181 infandum
337 1134 358 1182 si
369 1134 456 1200 pessit
466 1132 559 1183 fallere
570 1137 729 1183 monstrum.

59 1204 114 1255 Vix
125 1207 234 1283 egomet
244 1200 339 1251 eredo:
360 1204 438 1268 spiris
449 1203 601 1268 ingentibus
614 1207 690 1250 artae
746 1252 749 1257 f

58 1272 170 1334 Arboris
182 1269 314 1319 abstraxit
325 1270 437 1331 molem,
449 1272 609 1338 penitusque
620 1269 753 1320 revulsam
781 1312 784 1317 r
798 1268 848 1319 195

58 1340 165 1392 Evertit
177 1337 274 1400 fundo,
285 1343 313 1387 et
323 1337 458 1387 radicibus
469 1339 539 1388 eruit
548 1339 618 1388 imis.

60 1410 132 1459 Tum
143 1405 278 1474 trepidum
289 1420 322 1455 ac
334 1407 424 1456 socios
435 1404 558 1457 extrema
567 1420 636 1457 voce
646 1405 762 1457 cientem

59 1477 187 1541 Corripit,
199 1480 279 1541 atque
290 1472 389 1524 haustu
399 1475 511 1525 sorbens
524 1480 552 1526 et
563 1474 687 1526 faucibus
698 1476 764 1527 atris

10 1582 17 1607 7
58 1545 136 1608 (Vidi
146 1545 305 1610 respiciens)
316 1544 453 1595 obscoena
464 1544 585 1595 condidit
595 1543 664 1594 alvo.

58 1613 158 1667 Infelix
166 1611 247 1663 fluvio
259 1628 318 1662 sese
330 1620 358 1663 et
366 1613 533 1664 terrentibus
544 1613 623 1663 undis
797 1612 848 1662 200

54 1681 229 1742 Crediderat,
241 1680 374 1748 celerique
386 1682 515 1749 iugalem
526 1683 609 1732 nabat
619 1680 752 1749 riquinus.-

50 1751 141 1805 Jlune
150 1749 239 1800 medio
249 1751 348 1801 invasit
357 1750 450 1813 fluctu,
460 1752 589 1819 ripaeque
599 1752 702 1803 relatus

56 1823 70 1881 (
78 1819 140 1870 Heu
150 1833 235 1885 genus
245 1817 384 1870 infandum
395 1819 474 1882 letil)
495 1821 651 1889 depascitur
657 1819 745 1872 artus.

57 1886 105 1939 Sic
117 1887 205 1936 (lirum
215 1887 293 1937 nobis
304 1894 333 1938 et
341 1888 514 1949 lamentabile
526 1898 676 1942 monstrum

58 1952 295 2018 Effugissedatur.
324 1956 459 2015 Quantum
470 1972 545 2009 mens
556 1974 639 2027 aegra
650 1957 765 2021 sinebat,
799 1955 849 2005 205

57 2026 219 2086 Appropero
230 2034 360 2085 gressum,
375 2029 403 2072 et
414 2024 521 2074 ductori
531 2028 636 2092 singula
647 2025 746 2093 pandq.

58 2085 205 2155 Ingemuit,
216 2098 295 2135 casus
305 2088 585 2143 iuvenum-'miseratus
597 2094 720 2143 acerbos.

58 2161 149 2237 thue
162 2154 258 2207 eratin
269 2169 386 2223 pugnas,
403 2159 573 2278 etMartepr,
589 2167 617 2210 et
628 2160 746 2228 proelia,
761 2165 791 2213 et
844 2160 847 2164 ’

549 2235 636 2280 ostem

58 2298 168 2364 lgneus,
181 2298 209 2344 et
218 2307 317 2361 magua
328 2293 444 2346 audendi
455 2293 590 2366 flagrabat
601 2312 703 2360 amere,

61 2365 144 2416 (icius
156 2378 231 2413 arma
241 2364 314 2429 rupi,
326 2369 354 2412 et
365 2370 516 2430 spectatum
526 2368 616 2419 Marte
627 2367 675 2418 sub
689 2366 762 2417 omui
800 2366 850 2417 210

26 2490 31 2499 ‚
60 2434 105 2485 lre
113 2432 189 2482 iubet
201 2434 303 2498 campis
315 2434 439 2498 equitem.
470 2435 611 2503 linitque,
624 2438 741 2487 citatum·

63 2500 275 2566 Quadrupedem
284 2501 377 2568 planta
388 2503 494 2556 fodiens
500 2542 507 2568 ,
519 2512 683 2574 scutataque
690 2503 802 2574 usqum

62 2571 242 2636 Consequitur
250 2573 324 2623 iusso
338 2587 449 2641 manus,
459 2581 490 2630 et
499 2578 623 2630 muralia
629 2581 736 2647 pereat

54 2637 185 2692 Belidae
192 2644 331 2699 tormenta
342 2661 458 2721 graves,
466 2656 645 2726 suetamque
652 2657 780 2701 munere
