1906 3308
53 142 61 159 a

47 228 52 259 i

242 136 498 194 Punicorum
525 137 607 194 LIB.
624 138 685 195 Vll.
785 142 836 196 143

101 265 215 333 captus,
224 258 333 324 laccbe,
343 266 428 311 vetas.
457 255 576 323 Subitc'(
581 259 703 312 mirabile
714 259 807 327 dictu)

100 335 209 402 Faginus
218 331 362 397 pampineo
374 334 534 396 spumarunt
542 331 641 395 pocula
651 344 745 393 succo,

100 402 236 468 Pauperis
245 398 356 466 hospitii
366 399 497 466 pretium:
514 399 627 466 vilisque
637 398 746 451 rubenti

102 471 196 525 Fluxit
205 468 323 520 mrdctra
332 482 418 530 mero,
430 471 459 518 et
469 481 571 535 quercu
581 469 609 517 in
619 474 728 521 cratera
738 475 835 521 cavata
847 469 898 523 1911

102 539 198 592 Dulcis
211 536 333 589 odoratis
343 534 442 588 humor
453 536 560 587 sudavit
570 535 604 587 ab
615 537 683 590 uris.

103 609 147 660 En
159 620 236 673 cape,
245 604 372 659 Bacchus
383 606 430 668 ait,
439 603 560 656 nendum
570 605 619 655 tibi
629 611 704 671 nota,
715 605 765 659 sed
774 606 839 659 olim

104 675 240 729 viticolae
252 689 352 727 nomen
363 674 556 742 pervulgatum
565 674 684 737 Falerni,

104 745 232 799 Munera:
245 749 274 796 et
284 742 614 795 handultmlatuitlleus.
632 742 698 796 inde
707 745 838 799 nitentem

103 814 221 866 Lumine
231 827 368 882 purpureo
381 812 500 864 frontem
511 813 620 865 cinxere
632 814 764 881 corymbi,
846 814 899 867 195
912 863 916 868 .

105 884 144 936 Et
152 882 230 935 susae
240 897 290 950 pcr
300 881 372 933 cella
381 896 486 944 comae,
496 882 646 950 dextraque
657 884 787 949 pependit

106 950 269 1015 (lantherus,
280 951 395 1012 acuitis,
406 949 503 1017 thyrso
514 951 627 1016 delapsa
636 951 745 1013 virenti,

84 1062 87 1071 .
104 1021 204 1073 Festus
213 1014 324 1087 Nysaeo
334 1020 471 1071 redimivit
480 1018 593 1087 palmite
603 1031 719 1068 mensas.

105 1088 165 1143 Nec
177 1088 264 1140 facilis
272 1089 346 1140 laeto
358 1094 488 1151 certasse,
498 1087 623 1149 Faleme,
633 1088 734 1153 sapori,

77 1188 82 1197 ·
103 1156 660 1226 Postquamiteratatibisuntpocula,iam
685 1154 834 1221 odulinum,
847 1161 898 1213 2⁰0

105 1228 165 1281 lam
174 1227 267 1296 lingua
276 1225 412 1277 titubante
422 1240 525 1287 moves,
536 1226 661 1292 patrique
696 1240 768 1291 yaec

105 1296 246 1363 Tempora
256 1300 414 1363 quassatus,
425 1298 518 1360 grates
528 1297 557 1343 et
567 1294 688 1359 praemia
697 1294 781 1364 digera

103 1363 160 1418 vix
170 1363 315 1416 intellectis
325 1364 432 1412 coneris
443 1360 558 1412 reddere
568 1361 666 1413 verbis.

58 1480 63 1487 .
104 1433 202 1484 Donec
213 1431 367 1496 composuit
376 1429 620 1482 luctantialumina
629 1428 756 1497 Sumam,

104 1498 239 1563 Somnus,
257 1495 383 1563 Bacche,
402 1498 454 1550 tibi
468 1511 560 1551 comes
575 1499 693 1553 additus.
722 1503 776 1556 llic
791 1504 837 1556 ubi

575 1568 665 1635 primo
847 1572 897 1622 205

85 1650 89 1663 ·
103 1635 213 1705 Ungula
222 1633 349 1703 dispersit
358 1649 436 1688 rores
445 1631 631 1689 Phaethontia
639 1636 762 1705 Phoebo,

104 1705 223 1761 Uviferis
232 1704 287 1757 late
297 1704 415 1759 florebat
422 1705 559 1757 Massicus
570 1707 654 1772 ervis,

102 1768 221 1830 Miratus
231 1790 344 1829 nemora
355 1782 383 1829 et
392 1776 516 1829 lucentes
525 1776 584 1827 sole
595 1790 730 1830 racemos.

105 1847 137 1899 ld
147 1847 234 1898 monti
244 1846 342 1898 decus:
360 1849 442 1911 atque
452 1858 487 1896 ex
496 1843 544 1896 illo
553 1850 680 1914 tempore
691 1847 766 1899 dives

104 1914 229 1976 Tmolus,
241 1920 270 1965 et
280 1914 423 1965 ambrosiis
432 1914 650 1983 Ariusiapocula
658 1917 757 1979 succis,
845 1917 896 1967 210

104 1986 143 2037 Ac
153 1979 315 2047 Methymna
324 1980 404 2033 ierox
412 1981 526 2033 lacubus
535 1998 644 2035 cessere
653 1985 784 2036 Falernis

102 2054 183 2106 llaec
194 2048 259 2101 dum
268 2053 348 2099 veste
356 2047 448 2108 dabat,
456 2051 592 2116 terrisque
601 2050 717 2102 infestus
727 2050 828 2118 agebat

102 2117 250 2179 Hannibal,
261 2115 366 2168 et'sicci
375 2114 552 2166 stimulabant
561 2119 698 2183 sanguinis
707 2132 797 2182 enses,

57 2220 68 2233 ι
101 2172 836 2252 LudificauteducemFab103iamqueimprobacestris

103 2258 230 2313 Ausoniis
239 2261 313 2319 reta,
324 2259 353 2306 et
362 2252 501 2322 pugnandi
510 2268 595 2322 prava
604 2252 690 2305 libide
846 2256 896 2309 215

106 2327 247 2380 Gliscebat
258 2344 265 2391 3
283 2325 364 2394 proni
374 2324 520 2376 decurrere
531 2327 623 2374 monte
633 2323 776 2390 parabant.

104 2396 150 2449 lla
161 2392 259 2459 famae,
271 2396 315 2459 da,
326 2395 415 2458 Musa,
423 2393 520 2457 virum
532 2394 575 2444 cui
586 2394 693 2446 vincere
703 2394 768 2445 bine

106 2466 272 2518 Concessum
284 2470 384 2528 castra,
394 2468 424 2516 et
433 2465 556 2533 geminos
566 2462 701 2516 domitare
711 2462 828 2517 fureres.

105 2532 223 2587 Fervida
234 2536 258 2587 si
268 2535 346 2588 nobis
358 2534 442 2586 corda
453 2534 649 2605 abruptumque
659 2538 807 2604 putassent

101 2603 241 2669 ingenium
252 2604 361 2673 Patres,
374 2610 403 2660 et
412 2606 438 2661 si
449 2604 630 2673 elamoribus,
637 2607 745 2679 inedie,
863 2599 924 2647 'ffi

97 2669 216 2725 Turbati
224 2673 339 2735 meilen
350 2686 497 2755 mentem,
514 2699 578 2741 nen
585 2681 808 2741 idtimarerum
