1906 3308
10 40 44 76 ¹3⁸-
88 44 102 67 ·.

10 72 29 101 ἳ.

215 134 465 191 PUNlCORUlll
493 135 576 189 12113..
598 137 642 189 Vl
757 140 805 190 11¹1

40 236 52 249 η
71 260 190 315 Virtutis
201 271 306 311 sacram
316 256 429 308 rabiem.
446 254 596 320 Laevinus,
609 257 642 308 ab
654 257 709 309 al'to

70 331 213 389 l‘n‘verno,
224 329 286 379 vitis
296 327 394 378 Latiae
405 327 555 394 praesignis
565 325 679 389 honore,

69 399 233 450 Exanimem
244 394 402 446 Nasamona
411 397 505 460 Tyren
515 409 597 462 super
606 397 665 462 ipse
674 394 784 447 iaonbai

70 466 224 519 Exanimis:
242 462 632 525 nonhastavirofflenonsis:
645 465 750 515 inantia
829 462 863 511 45

70 534 227 586 Abstulerat
238 534 308 584 Fors
320 547 408 582 amia:
427 537 518 582 tamen
529 533 676 584 certamine
687 532 760 584 uurlo

70 603 177 655 Invenit
186 603 269 654 Marii
280 601 363 652 telum
375 599 461 651 dolor.
489 601 544 652 Orc
555 607 667 652 cruento

70 671 233 740 Pugnatum,
244 670 361 736 ferrique
372 671 459 720 vicem
471 668 537 719 deas
548 668 673 735 praebuit
681 667 747 722 irae.

70 742 128 794 lam
138 739 246 791 lacerae
256 754 345 801 nares,
356 737 521 805 foedataque
531 737 633 787 lumina
641 753 743 799 morsu,

37 851 40 858 .
68 811 128 864 lam
137 815 264 860 truncum
274 808 360 875 raptis
373 813 455 873 caput
465 806 583 869 auribus,
595 808 709 875 ipsaque
720 808 785 859 diris
828 807 861 856 50

68 877 278 944 Fronsnepasta
285 876 382 938 niudis,
398 875 800 940 etsanguineabundathiatuss

68 947 128 999 Nec
138 947 235 1010 satias:
254 946 342 997 donec
352 943 507 994 mandentia
516 943 651 1013 linqueret
662 961 711 995 ora

68 1015 195 1082 Spiritus,
207 1019 235 1066 et
244 1014 338 1081 plenos
350 1013 433 1064 metus
443 1024 518 1063 mors
529 1018 590 1063 atra
600 1020 715 1063 teneret.

68 1080 149 1135 'falia
159 1084 222 1133 dum
233 1083 346 1148 praebet
357 1081 441 1132 tristis
451 1081 583 1133 miracula
592 1083 690 1144 virtus,

67 1152 298 1219 Diversointerea
308 1151 442 1216 fugientes
453 1152 547 1202 saucia
557 1151 638 1201 turba
728 1196 730 1202 ,
830 1144 864 1199 55

69 1222 211 1272 lactantur
221 1235 295 1282 casu,
306 1220 431 1286 silvisque
442 1234 491 1285 per
502 1221 562 1270 avia
573 1220 672 1270 caecis·

69 1290 158 1341 ablati
167 1288 261 1340 furtim
270 1289 355 1340 multu
367 1302 429 1337 cum
442 1287 556 1337 vulnere
564 1286 641 1339 solos

68 1358 124 1410 Per
132 1363 241 1409 noctem
252 1360 389 1408 metantur
400 1369 490 1422 agros.
513 1353 602 1407 Sonus
608 1357 801 1408 omnisetaura

66 1429 226 1489 Extenuant,
236 1436 378 1493 pennaque
388 1423 441 1474 levi
452 1431 589 1475 commota
599 1424 726 1474 volucris.

68 1497 132 1551 Non
140 1511 232 1564 sopor,
244 1501 292 1546 aut
300 1493 385 1545 menti
396 1493 514 1560 requies·
540 1494 603 1559 Agit
613 1507 693 1558 asper
704 1493 805 1544 acerba
827 1496 859 1545 (ie

68 1559 800 1633 NuncMogoattonitos,nuncarduusHannibalhasta.

68 1634 211 1698 Serranus,
222 1634 324 1686 clarum
333 1645 444 1694 nonren,
453 1635 513 1694 tua,
522 1629 634 1699 Regale,
645 1631 747 1698 proles,

69 1706 131 1767 Qui,
141 1704 251 1771 longum
262 1715 371 1767 semper
382 1700 456 1752 fama
465 1699 597 1768 gliscente
608 1716 658 1767 per
667 1715 773 1764 aenum,

66 1773 160 1825 inlidis
170 1788 293 1823 servasse
302 1770 383 1822 iidem
392 1770 580 1822 memorabere
592 1771 701 1832 Poenis,

66 1843 149 1894 Flore
160 1841 360 1908 nitenspn‘nro,
371 1840 476 1906 patriis,
486 1837 552 1891 heu!
570 1841 676 1892 Punica
685 1838 758 1890 bella
828 1841 860 1889 65

67 1909 200 1973 Auspiciis
208 1910 347 1974 ingressus
359 1913 432 1971 erat3
449 1909 629 1978 miseramque
644 1914 796 1976 parentem,

69 1977 108 2026 Et
125 1973 216 2024 dulces
227 1977 298 2024 tristi
307 1976 450 2040 repetebat
459 1982 534 2028 sorte
544 1982 657 2044 penates

70 2040 193 2093 Saucius.
211 2038 294 2093 Haud
303 2040 342 2091 illi
351 2044 482 2093 comitum
492 2060 574 2111 super
584 2044 663 2106 ullus,
675 2048 704 2095 et
714 2044 781 2093 atris

69 2108 233 2164 Vulneribus
244 2109 288 2175 qui
299 2107 384 2159 ferret
394 2123 487 2183 ppems
504 2125 554 2177 per
564 2112 652 2174 dona,
661 2110 769 2163 stactae

54 2180 188 2248 ,Innitens
199 2176 304 2237 hastae,
315 2175 441 2244 furtoque
453 2185 563 2244 ereptus
574 2193 678 2245 opacae
828 2182 861 2230 70

68 2249 173 2311 Noctis,
183 2249 237 2299 iter
248 2247 362 2297 tacitam
373 2246 505 2298 Perusina
514 2246 621 2299 ferebat
629 2249 657 2298 in
669 2261 749 2298 amas

67 2320 106 2370 Aa
117 2317 204 2368 fessus
215 2317 292 2383 parri
304 2317 314 2377 i
320 2330 495 2384 quaecunque
505 2316 544 2368 ibi
553 2316 612 2367 sata
623 2317 769 2381 darentur)

66 2388 175 2440 Limina
185 2385 311 2454 pulsabat
321 2386 401 2437 tecti:
420 2401 481 2436 curn
491 2386 613 2438 membra
624 2386 704 2437 cubili
726 2429 729 2433 .

67 2456 202 2508 Evolrens
213 2471 268 2505 nnn
278 2453 358 2505 tarda
367 2455 461 2506 Marus
472 2452 567 2518 (vetus
576 2455 621 2507 ille
636 2455 755 2522 parentis

66 2525 155 2587 Miles,
165 2530 194 2576 et
205 2522 278 2577 baud
289 2525 371 2575 surda
380 2530 515 2575 tractarat
524 2525 632 2594 proelia
638 2525 735 2588 iamai
823 2523 869 2571 ”rs

63 2592 201 2656 Procedit,
212 2600 347 2647 renovata
358 2592 429 2650 focis
442 2600 472 2649 et
480 2596 717 2668 perspersum

54 2655 863 2746 armaspraerenuouszutqucoruagnoriisffliffi
