1906 2940
243 149 294 201 ros
438 148 467 200 c.
494 144 602 200 mnu
629 130 793 199 inseror

185 265 235 317 200
248 264 360 317 Sidonia
369 265 488 316 tumidus
498 280 611 333 sponsa,
621 279 745 339 vanoque
755 265 885 334 superbus

243 333 366 386 Foedere
377 335 526 399 promissae
536 339 599 401 post
609 333 739 384 Dardana
753 333 857 398 proelia
866 334 949 386 taeda

244 403 315 452 Huic
324 402 447 452 immittit
457 407 536 452 atrox
544 402 676 452 violentas
685 401 785 467 Appius
794 402 857 463 uas,

246 470 413 541 Conantiqne
423 484 533 537 gravem
543 469 627 521 lronti
638 468 735 519 librare
747 471 871 531 securim,

245 537 332 588 Altior
340 538 496 604 insurgens,
507 537 614 605 galeam
624 550 705 601 super
716 538 800 604 exigit
808 538 900 588 ictum.

186 605 236 656 200
247 605 282 656 nt
291 604 395 673 fragilis
405 605 494 657 valido
507 605 648 657 conamine
658 603 770 655 solvitur
780 606 851 656 ensis

231 700 232 705 =
245 674 313 724 Aere
324 675 351 723 in
363 672 504 740 cinyphio:
515 688 566 725 nec
578 671 761 738 dispar-sortis
771 672 871 725 lsulces

246 740 396 791 Umhonem
406 741 511 791 incerto
523 740 637 791 detersit
647 738 731 790 futilis
741 741 806 793 ictu.

246 806 317 859 Tum
332 807 404 875 quod
418 806 500 861 humo
516 807 589 859 haud
602 822 720 874 uuquam
736 809 865 861 valuisset
878 810 944 862 tolle

714 891 818 940 suum,

246 942 281 994 Ni
290 941 361 995 vires
371 950 434 995 trux
443 946 485 994 ira
494 943 585 1008 daret,
596 950 759 1012 contorquet
770 944 898 997 anhelans

188 1011 238 1062 300
249 1013 358 1078 Appius,
370 1018 398 1063 et
407 1012 485 1079 lapsu
494 1014 621 1079 resupino
631 1013 658 1063 in
668 1019 746 1080 terga
756 1013 898 1065 cadentem

246 1079 320 1131 Male
330 1082 429 1146 premit
438 1080 551 1147 scopuli,
563 1079 759 1148 perfractisque
771 1082 876 1133 ossibus
887 1094 948 1149 urg

245 1147 322 1199 Vidit
333 1149 478 1199 coniuncto
488 1149 603 1198 miscens
615 1150 764 1199 certamina
774 1164 870 1215 campo

245 1216 397 1267 Labentem
409 1230 497 1278 socer,
508 1222 536 1266 et
546 1215 674 1266 lacrimae
683 1217 733 1268 sub
746 1217 850 1268 casside
862 1216 941 1269 lusae

247 1285 314 1334 Cum
323 1284 608 1353 gemitu‚rapldueque
613 1285 680 1334 ruit:
691 1284 757 1335 data
766 1283 879 1337 foedera
888 1300 953 1351 nup

187 1351 236 1402 305
246 1353 403 1405 Accendunt
413 1353 516 1404 animos
527 1355 738 1421 exspectatique
743 1358 865 1419 nepotes.

245 1423 357 1490 lamque
368 1421 476 1473 aderat:
495 1422 673 1487 clypeumque
684 1422 743 1482 riri,
756 1427 836 1538 atque
845 1421 946 1473 immun

714 1503 783 1539 mem
803 1503 834 1537 ra

245 1556 395 1608 Lustrabat
405 1560 473 1619 usu,
484 1558 648 1627 propiorque
658 1570 675 1605 a
684 1555 774 1606 fronte
786 1571 916 1609 coruscae

245 1625 308 1675 Lux
317 1626 414 1692 galeae
424 1639 519 1677 saevas
530 1625 639 1691 paulum
650 1624 807 1674 tardaverat
816 1625 879 1675 iras.

246 1694 327 1744 Haud
338 1709 426 1755 secus,
438 1710 453 1743 c
464 1691 574 1758 specula
583 1706 714 1759 praeceps
727 1691 832 1742 delatus
843 1706 939 1757 opaca,

187 1760 237 1810 300
248 1759 395 1813 Subsidens
405 1775 501 1829 campo
511 1760 659 1811 submissos
672 1757 810 1810 contrahit
820 1766 905 1821 artus,

246 1831 312 1879 Cum
321 1830 410 1879 vicina
418 1830 502 1879 trucis
513 1828 654 1894 conspexit
664 1843 765 1879 cornua
774 1829 854 1889 tauri,

247 1898 375 1957 Quamvis
389 1896 472 1963 longa
487 1895 573 1948 fames
588 1897 721 1958 stimulet,
738 1896 795 1947 lec:
813 1911 884 1946 nunc
899 1895 927 1947 le

717 1964 773 2015 alta

248 2031 395 2116 surgentes
406 2034 511 2084 cervice
522 2037 607 2096 toros,
617 2048 688 2084 nunc
698 2038 778 2083 torva
788 2032 836 2083 sub
849 2030 922 2082 hirta

246 2103 363 2153 Lumina
372 2103 485 2152 miratur
496 2101 594 2164 fronte,
607 2103 703 2152 aciem
714 2102 792 2168 signa
801 2105 928 2161 movente

187 2169 236 2219 315
248 2172 284 2221 Et
296 2186 392 2238 sparsa
401 2186 505 2238 pugnus
516 2171 690 2221 meditantem
701 2175 808 2235 spectat
818 2182 908 2219 arena.

245 2240 298 2289 llic
309 2241 384 2305 prior
392 2241 550 2305 intorquens
561 2239 643 2289 telum
655 2239 693 2288 sic
704 2238 805 2303 Appius
814 2237 887 2286 infit:

247 2306 275 2355 Si
287 2322 340 2373 qua
348 2307 398 2357 tibi
409 2309 509 2372 pietas,
519 2309 602 2357 ictum
612 2321 646 2356 ne
658 2305 753 2356 desere
764 2305 869 2366 foedus,

246 2375 282 2424 Et
292 2389 420 2440 generum
432 2377 570 2436 comitare,
581 2389 667 2426 socer.
686 2374 739 2424 Per
748 2374 868 2440 tegmina
878 2374 953 2423 velo.

188 2439 952 2576 220littorali-ltaliam:tricastini

238 2576 387 2640 Perdbrat,
399 2581 488 2648 magni
501 2579 599 2629 donum
609 2577 783 2628 memorabile
794 2576 900 2626 fratris:

230 2644 324 2699 Caeso
333 2663 418 2715 quam
431 2650 524 2703 victor
537 2649 587 2700 sub
597 2642 924 2708 meeunusmeaaqunu
