<?xml version="1.0" encoding="UTF-8"?>
<!DOCTYPE html PUBLIC "-//W3C//DTD XHTML 1.0 Transitional//EN"
    "http://www.w3.org/TR/xhtml1/DTD/xhtml1-transitional.dtd">
<html xmlns="http://www.w3.org/1999/xhtml" xml:lang="en" lang="en">
 <head>
  <title>
</title>
<meta http-equiv="Content-Type" content="text/html;charset=utf-8" />
  <meta name='ocr-system' content='tesseract 3.04.00' />
  <meta name='ocr-capabilities' content='ocr_page ocr_carea ocr_par ocr_line ocrx_word'/>
</head>
<body>
  <div class='ocr_page' id='page_1' title='image "./caiisiliiitalic01italgoog_0150.png"; bbox 0 0 1906 3308; ppageno 0'>
   <div class='ocr_carea' id='block_1_1' title="bbox 52 40 915 173">
    <p class='ocr_par' dir='ltr' id='par_1_1' title="bbox 52 40 915 173">
     <span class='ocr_line' id='line_1_1' title="bbox 52 40 915 173; baseline -0.001 -2"><span class='ocrx_word' id='word_1_1' title='bbox 52 78 78 151; x_wconf 80' lang='grc' dir='ltr'>-Ϊ</span> <span class='ocrx_word' id='word_1_2' title='bbox 98 72 101 77; x_wconf 48' lang='grc'>’</span> <span class='ocrx_word' id='word_1_3' title='bbox 122 79 138 173; x_wconf 59' lang='grc'>’.</span> <span class='ocrx_word' id='word_1_4' title='bbox 200 66 455 170; x_wconf 71' lang='lat' dir='ltr'>cumeorum</span> <span class='ocrx_word' id='word_1_5' title='bbox 480 73 667 167; x_wconf 59' lang='lat' dir='ltr'>alnum„</span> <span class='ocrx_word' id='word_1_6' title='bbox 694 40 731 77; x_wconf 24' lang='lat' dir='ltr'>k</span> <span class='ocrx_word' id='word_1_7' title='bbox 755 113 807 168; x_wconf 76' lang='lat' dir='ltr'>ns</span> <span class='ocrx_word' id='word_1_8' title='bbox 910 108 915 116; x_wconf 80' lang='grc'><em>·</em></span> 
     </span>
    </p>
   </div>
   <div class='ocr_carea' id='block_1_2' title="bbox 47 230 944 2720">
    <p class='ocr_par' dir='ltr' id='par_1_2' title="bbox 47 230 944 2720">
     <span class='ocr_line' id='line_1_2' title="bbox 73 230 867 354; baseline -0.009 -62"><span class='ocrx_word' id='word_1_9' title='bbox 73 235 261 308; x_wconf 78' lang='lat' dir='ltr'>Spondentem</span> <span class='ocrx_word' id='word_1_10' title='bbox 280 233 383 298; x_wconf 83' lang='lat' dir='ltr'>audivi,</span> <span class='ocrx_word' id='word_1_11' title='bbox 397 233 499 302; x_wconf 86' lang='lat' dir='ltr'>(piget,</span> <span class='ocrx_word' id='word_1_12' title='bbox 518 230 585 285; x_wconf 85' lang='lat' dir='ltr'>beu!</span> <span class='ocrx_word' id='word_1_13' title='bbox 605 235 751 303; x_wconf 81' lang='lat' dir='ltr'><strong>taedetque</strong></span> <span class='ocrx_word' id='word_1_14' title='bbox 766 249 867 354; x_wconf 55' lang='lat' dir='ltr'>cesos</span> 
     </span>
     <span class='ocr_line' id='line_1_3' title="bbox 546 309 653 366; baseline 0.009 -14"><span class='ocrx_word' id='word_1_15' title='bbox 546 309 653 366; x_wconf 86' lang='lat' dir='ltr'>nectae,</span> 
     </span>
     <span class='ocr_line' id='line_1_4' title="bbox 77 372 723 443; baseline -0.009 -15"><span class='ocrx_word' id='word_1_16' title='bbox 77 372 122 438; x_wconf 85' lang='lat' dir='ltr'>Si,</span> <span class='ocrx_word' id='word_1_17' title='bbox 134 388 201 443; x_wconf 80' lang='lat' dir='ltr'>quas</span> <span class='ocrx_word' id='word_1_18' title='bbox 210 374 361 441; x_wconf 87' lang='lat' dir='ltr'>prospicio,</span> <span class='ocrx_word' id='word_1_19' title='bbox 372 377 458 423; x_wconf 84' lang='lat' dir='ltr'>restat</span> <span class='ocrx_word' id='word_1_20' title='bbox 467 386 581 438; x_wconf 83' lang='lat' dir='ltr'>passura</span> <span class='ocrx_word' id='word_1_21' title='bbox 590 372 706 436; x_wconf 73' lang='lat' dir='ltr'>ruinosi)</span> <span class='ocrx_word' id='word_1_22' title='bbox 717 381 723 389; x_wconf 85' lang='grc'><em>·</em></span> 
     </span>
     <span class='ocr_line' id='line_1_5' title="bbox 80 438 766 508; baseline -0.006 -12"><span class='ocrx_word' id='word_1_23' title='bbox 80 446 149 496; x_wconf 83' lang='lat' dir='ltr'>Cum</span> <span class='ocrx_word' id='word_1_24' title='bbox 159 443 228 494; x_wconf 86' lang='lat' dir='ltr'>duee</span> <span class='ocrx_word' id='word_1_25' title='bbox 238 447 294 494; x_wconf 85' lang='lat' dir='ltr'>tam</span> <span class='ocrx_word' id='word_1_26' title='bbox 304 441 387 493; x_wconf 83' lang='lat' dir='ltr'>fausti</span> <span class='ocrx_word' id='word_1_27' title='bbox 398 438 508 503; x_wconf 88' lang='lat' dir='ltr'>Martis,</span> <span class='ocrx_word' id='word_1_28' title='bbox 520 456 573 508; x_wconf 85' lang='lat' dir='ltr'>qua</span> <span class='ocrx_word' id='word_1_29' title='bbox 580 440 679 492; x_wconf 78' lang='lat' dir='ltr'>viderit</span> <span class='ocrx_word' id='word_1_30' title='bbox 689 440 766 504; x_wconf 84' lang='lat' dir='ltr'>hora,</span> 
     </span>
     <span class='ocr_line' id='line_1_6' title="bbox 79 508 811 582; baseline -0.005 -16"><span class='ocrx_word' id='word_1_31' title='bbox 79 510 237 566; x_wconf 73' lang='lat' dir='ltr'>enatorum</span> <span class='ocrx_word' id='word_1_32' title='bbox 251 526 379 582; x_wconf 81' lang='lat' dir='ltr'>pugnam,</span> <span class='ocrx_word' id='word_1_33' title='bbox 404 510 540 574; x_wconf 71' lang='lat' dir='ltr'>Quantam</span> <span class='ocrx_word' id='word_1_34' title='bbox 551 525 636 572; x_wconf 90' lang='lat' dir='ltr'>nunc,</span> <span class='ocrx_word' id='word_1_35' title='bbox 649 508 757 575; x_wconf 87' lang='lat' dir='ltr'>Paulle,</span> <span class='ocrx_word' id='word_1_36' title='bbox 767 524 811 564; x_wconf 88' lang='lat' dir='ltr'>su·</span> 
     </span>
     <span class='ocr_line' id='line_1_7' title="bbox 319 588 644 645; baseline 0 -16"><span class='ocrx_word' id='word_1_37' title='bbox 319 588 325 595; x_wconf 89' lang='lat'>·</span> <span class='ocrx_word' id='word_1_38' title='bbox 550 592 644 645; x_wconf 87' lang='lat' dir='ltr'>premo</span> 
     </span>
     <span class='ocr_line' id='line_1_8' title="bbox 81 645 780 712; baseline -0.003 -10"><span class='ocrx_word' id='word_1_39' title='bbox 81 649 213 702; x_wconf 77' lang='lat' dir='ltr'>Absumus</span> <span class='ocrx_word' id='word_1_40' title='bbox 223 651 323 712; x_wconf 82' lang='lat' dir='ltr'>exitio,</span> <span class='ocrx_word' id='word_1_41' title='bbox 333 663 429 701; x_wconf 79' lang='lat' dir='ltr'>vocem</span> <span class='ocrx_word' id='word_1_42' title='bbox 439 646 510 698; x_wconf 85' lang='lat' dir='ltr'>banc</span> <span class='ocrx_word' id='word_1_43' title='bbox 519 648 543 699; x_wconf 86' lang='lat' dir='ltr'>si</span> <span class='ocrx_word' id='word_1_44' title='bbox 554 646 671 699; x_wconf 86' lang='lat' dir='ltr'>consulis</span> <span class='ocrx_word' id='word_1_45' title='bbox 682 645 780 700; x_wconf 77' lang='lat' dir='ltr'>ardena</span> 
     </span>
     <span class='ocr_line' id='line_1_9' title="bbox 80 713 871 774; baseline -0.008 -4"><span class='ocrx_word' id='word_1_46' title='bbox 80 719 188 774; x_wconf 73' lang='lat' dir='ltr'>Audiuit</span> <span class='ocrx_word' id='word_1_47' title='bbox 198 718 319 770; x_wconf 86' lang='lat' dir='ltr'>Poenasl</span> <span class='ocrx_word' id='word_1_48' title='bbox 332 720 389 770; x_wconf 90' lang='lat' dir='ltr'>lam</span> <span class='ocrx_word' id='word_1_49' title='bbox 399 719 461 769; x_wconf 88' lang='lat' dir='ltr'>latis</span> <span class='ocrx_word' id='word_1_50' title='bbox 472 717 553 769; x_wconf 85' lang='lat' dir='ltr'>obvio</span> <span class='ocrx_word' id='word_1_51' title='bbox 562 716 645 768; x_wconf 89' lang='lat' dir='ltr'>credo</span> <span class='ocrx_word' id='word_1_52' title='bbox 818 713 871 766; x_wconf 78' lang='lat'>31⁰</span> 
     </span>
     <span class='ocr_line' id='line_1_10' title="bbox 47 784 722 854; baseline -0.001 -15"><span class='ocrx_word' id='word_1_53' title='bbox 47 814 54 825; x_wconf 54' lang='grc' dir='ltr'><em>ι</em></span> <span class='ocrx_word' id='word_1_54' title='bbox 81 784 143 851; x_wconf 74' lang='lat' dir='ltr'>Stat</span> <span class='ocrx_word' id='word_1_55' title='bbox 155 789 257 853; x_wconf 85' lang='lat' dir='ltr'>campis</span> <span class='ocrx_word' id='word_1_56' title='bbox 268 788 355 848; x_wconf 87' lang='lat' dir='ltr'>acies,</span> <span class='ocrx_word' id='word_1_57' title='bbox 367 792 594 854; x_wconf 78' lang='lat' dir='ltr'>exspectaturque</span> <span class='ocrx_word' id='word_1_58' title='bbox 605 786 654 836; x_wconf 92' lang='lat' dir='ltr'>sub</span> <span class='ocrx_word' id='word_1_59' title='bbox 664 787 722 838; x_wconf 85' lang='lat' dir='ltr'>ictu</span> 
     </span>
     <span class='ocr_line' id='line_1_11' title="bbox 82 855 786 918; baseline -0.007 -9"><span class='ocrx_word' id='word_1_60' title='bbox 82 857 158 909; x_wconf 77' lang='lat' dir='ltr'>Alter</span> <span class='ocrx_word' id='word_1_61' title='bbox 167 856 323 918; x_wconf 86' lang='lat' dir='ltr'>Flaminius.</span> <span class='ocrx_word' id='word_1_62' title='bbox 344 856 475 917; x_wconf 76' lang='lat' dir='ltr'>Quantus,</span> <span class='ocrx_word' id='word_1_63' title='bbox 485 855 589 917; x_wconf 85' lang='lat' dir='ltr'>insane,</span> <span class='ocrx_word' id='word_1_64' title='bbox 601 855 684 905; x_wconf 83' lang='lat' dir='ltr'>ciebis</span> <span class='ocrx_word' id='word_1_65' title='bbox 784 868 786 871; x_wconf 79' lang='grc'><strong>’</strong></span> 
     </span>
     <span class='ocr_line' id='line_1_12' title="bbox 83 919 814 989; baseline -0.008 -12"><span class='ocrx_word' id='word_1_66' title='bbox 83 925 174 978; x_wconf 85' lang='lat' dir='ltr'>Varro</span> <span class='ocrx_word' id='word_1_67' title='bbox 184 922 270 975; x_wconf 75' lang='lat' dir='ltr'>uiros!</span> <span class='ocrx_word' id='word_1_68' title='bbox 281 924 338 984; x_wconf 86' lang='lat' dir='ltr'>Tu,</span> <span class='ocrx_word' id='word_1_69' title='bbox 350 925 411 989; x_wconf 82' lang='lat' dir='ltr'>(pro</span> <span class='ocrx_word' id='word_1_70' title='bbox 424 920 520 988; x_wconf 87' lang='lat' dir='ltr'>Superi</span> <span class='ocrx_word' id='word_1_71' title='bbox 527 922 546 986; x_wconf 77' lang='lat' dir='ltr'>i)</span> <span class='ocrx_word' id='word_1_72' title='bbox 557 926 715 989; x_wconf 87' lang='lat' dir='ltr'>tuprotinus</span> <span class='ocrx_word' id='word_1_73' title='bbox 722 919 814 974; x_wconf 75' lang='lat' dir='ltr'>armai</span> 
     </span>
     <span class='ocr_line' id='line_1_13' title="bbox 83 990 797 1061; baseline -0.003 -16"><span class='ocrx_word' id='word_1_74' title='bbox 83 993 128 1045; x_wconf 89' lang='lat' dir='ltr'>Tu</span> <span class='ocrx_word' id='word_1_75' title='bbox 138 1009 264 1061; x_wconf 87' lang='lat' dir='ltr'>campum</span> <span class='ocrx_word' id='word_1_76' title='bbox 274 1006 371 1053; x_wconf 85' lang='lat' dir='ltr'>noscas</span> <span class='ocrx_word' id='word_1_77' title='bbox 383 997 462 1054; x_wconf 85' lang='lat' dir='ltr'>ante,</span> <span class='ocrx_word' id='word_1_78' title='bbox 473 991 651 1060; x_wconf 83' lang='lat' dir='ltr'>exploresque</span> <span class='ocrx_word' id='word_1_79' title='bbox 663 990 797 1044; x_wconf 84' lang='lat' dir='ltr'>trahendo</span> 
     </span>
     <span class='ocr_line' id='line_1_14' title="bbox 78 1057 875 1133; baseline -0.005 -20"><span class='ocrx_word' id='word_1_80' title='bbox 78 1060 298 1126; x_wconf 55' lang='lat' dir='ltr'>‘Quantumhosti</span> <span class='ocrx_word' id='word_1_81' title='bbox 309 1063 404 1113; x_wconf 81' lang='lat' dir='ltr'>vietus.</span> <span class='ocrx_word' id='word_1_82' title='bbox 416 1062 459 1112; x_wconf 91' lang='lat' dir='ltr'>Tu</span> <span class='ocrx_word' id='word_1_83' title='bbox 469 1076 532 1124; x_wconf 84' lang='lat' dir='ltr'>non,</span> <span class='ocrx_word' id='word_1_84' title='bbox 543 1075 613 1129; x_wconf 84' lang='lat' dir='ltr'>quac</span> <span class='ocrx_word' id='word_1_85' title='bbox 625 1062 704 1128; x_wconf 88' lang='lat' dir='ltr'>copia</span> <span class='ocrx_word' id='word_1_86' title='bbox 713 1075 814 1133; x_wconf 82' lang='lat' dir='ltr'>reram,</span> <span class='ocrx_word' id='word_1_87' title='bbox 824 1057 875 1110; x_wconf 76' lang='lat'>315</span> 
     </span>
     <span class='ocr_line' id='line_1_15' title="bbox 84 1130 750 1198; baseline 0 -16"><span class='ocrx_word' id='word_1_88' title='bbox 84 1131 161 1194; x_wconf 78' lang='lat' dir='ltr'>Quae</span> <span class='ocrx_word' id='word_1_89' title='bbox 171 1135 270 1182; x_wconf 84' lang='lat' dir='ltr'>natura</span> <span class='ocrx_word' id='word_1_90' title='bbox 280 1131 348 1193; x_wconf 89' lang='lat' dir='ltr'>loci,</span> <span class='ocrx_word' id='word_1_91' title='bbox 359 1130 431 1198; x_wconf 89' lang='lat' dir='ltr'>quod</span> <span class='ocrx_word' id='word_1_92' title='bbox 441 1132 490 1194; x_wconf 88' lang='lat' dir='ltr'>sit,</span> <span class='ocrx_word' id='word_1_93' title='bbox 500 1131 634 1182; x_wconf 76' lang='lat' dir='ltr'>rimabere</span> <span class='ocrx_word' id='word_1_94' title='bbox 645 1130 750 1192; x_wconf 85' lang='lat' dir='ltr'>sollers,</span> 
     </span>
     <span class='ocr_line' id='line_1_16' title="bbox 83 1197 769 1267; baseline -0.003 -15"><span class='ocrx_word' id='word_1_95' title='bbox 83 1201 224 1253; x_wconf 75' lang='lat' dir='ltr'>Armorum</span> <span class='ocrx_word' id='word_1_96' title='bbox 235 1197 336 1266; x_wconf 77' lang='lat' dir='ltr'>genunt</span> <span class='ocrx_word' id='word_1_97' title='bbox 354 1206 383 1250; x_wconf 89' lang='lat' dir='ltr'>et</span> <span class='ocrx_word' id='word_1_98' title='bbox 393 1204 510 1250; x_wconf 84' lang='lat' dir='ltr'>stantem</span> <span class='ocrx_word' id='word_1_99' title='bbox 521 1214 602 1267; x_wconf 77' lang='lat' dir='ltr'>super</span> <span class='ocrx_word' id='word_1_100' title='bbox 613 1200 703 1250; x_wconf 89' lang='lat' dir='ltr'>omnia</span> <span class='ocrx_word' id='word_1_101' title='bbox 712 1198 769 1250; x_wconf 85' lang='lat' dir='ltr'>tela</span> 
     </span>
     <span class='ocr_line' id='line_1_17' title="bbox 83 1265 785 1333; baseline -0.003 -12"><span class='ocrx_word' id='word_1_102' title='bbox 83 1269 232 1322; x_wconf 86' lang='lat' dir='ltr'>Fortunam</span> <span class='ocrx_word' id='word_1_103' title='bbox 244 1265 380 1333; x_wconf 63' lang='lat' dir='ltr'>aspicies?</span> <span class='ocrx_word' id='word_1_104' title='bbox 390 1268 459 1329; x_wconf 87' lang='lat' dir='ltr'>Fer,</span> <span class='ocrx_word' id='word_1_105' title='bbox 469 1268 562 1317; x_wconf 82' lang='lat' dir='ltr'>Paulle</span> <span class='ocrx_word' id='word_1_106' title='bbox 570 1303 577 1327; x_wconf 89' lang='lat'><strong>‚</strong></span> <span class='ocrx_word' id='word_1_107' title='bbox 586 1268 614 1317; x_wconf 93' lang='lat' dir='ltr'>in</span> <span class='ocrx_word' id='word_1_108' title='bbox 626 1268 706 1318; x_wconf 83' lang='lat' dir='ltr'>devie</span> <span class='ocrx_word' id='word_1_109' title='bbox 714 1267 785 1320; x_wconf 86' lang='lat' dir='ltr'>recti</span> 
     </span>
     <span class='ocr_line' id='line_1_18' title="bbox 82 1333 751 1401; baseline -0.001 -12"><span class='ocrx_word' id='word_1_110' title='bbox 82 1336 215 1389; x_wconf 78' lang='lat' dir='ltr'>Pectora:</span> <span class='ocrx_word' id='word_1_111' title='bbox 227 1350 288 1396; x_wconf 85' lang='lat' dir='ltr'>cur,</span> <span class='ocrx_word' id='word_1_112' title='bbox 300 1334 347 1385; x_wconf 93' lang='lat' dir='ltr'>uni</span> <span class='ocrx_word' id='word_1_113' title='bbox 356 1335 471 1399; x_wconf 78' lang='lat' dir='ltr'>patrium</span> <span class='ocrx_word' id='word_1_114' title='bbox 482 1335 506 1384; x_wconf 90' lang='lat' dir='ltr'>si</span> <span class='ocrx_word' id='word_1_115' title='bbox 516 1333 636 1401; x_wconf 78' lang='lat' dir='ltr'>affligere</span> <span class='ocrx_word' id='word_1_116' title='bbox 647 1335 690 1386; x_wconf 82' lang='lat' dir='ltr'>fas</span> <span class='ocrx_word' id='word_1_117' title='bbox 700 1340 751 1398; x_wconf 80' lang='lat' dir='ltr'>est,</span> 
     </span>
     <span class='ocr_line' id='line_1_19' title="bbox 83 1400 928 1470; baseline -0.005 -14"><span class='ocrx_word' id='word_1_118' title='bbox 83 1405 135 1456; x_wconf 85' lang='lat' dir='ltr'>Uni</span> <span class='ocrx_word' id='word_1_119' title='bbox 146 1404 183 1455; x_wconf 90' lang='lat' dir='ltr'>sit</span> <span class='ocrx_word' id='word_1_120' title='bbox 194 1416 303 1453; x_wconf 84' lang='lat' dir='ltr'>servare</span> <span class='ocrx_word' id='word_1_121' title='bbox 312 1400 406 1452; x_wconf 68' lang='lat' dir='ltr'>nefas!</span> <span class='ocrx_word' id='word_1_122' title='bbox 417 1403 489 1468; x_wconf 81' lang='lat' dir='ltr'>Eget</span> <span class='ocrx_word' id='word_1_123' title='bbox 497 1403 637 1470; x_wconf 87' lang='lat' dir='ltr'>improbus</span> <span class='ocrx_word' id='word_1_124' title='bbox 647 1408 708 1456; x_wconf 85' lang='lat' dir='ltr'>arto</span> <span class='ocrx_word' id='word_1_125' title='bbox 776 1413 781 1421; x_wconf 89' lang='lat'><em>&#39;</em></span> <span class='ocrx_word' id='word_1_126' title='bbox 824 1401 874 1454; x_wconf 81' lang='lat'>32⁰</span> <span class='ocrx_word' id='word_1_127' title='bbox 926 1436 928 1441; x_wconf 89' lang='lat'><em>-</em></span> 
     </span>
     <span class='ocr_line' id='line_1_20' title="bbox 83 1469 696 1537; baseline -0.007 -12"><span class='ocrx_word' id='word_1_128' title='bbox 83 1473 143 1526; x_wconf 88' lang='lat' dir='ltr'>lam</span> <span class='ocrx_word' id='word_1_129' title='bbox 153 1473 227 1523; x_wconf 80' lang='lat' dir='ltr'>victu</span> <span class='ocrx_word' id='word_1_130' title='bbox 236 1470 337 1537; x_wconf 84' lang='lat' dir='ltr'>Libys,</span> <span class='ocrx_word' id='word_1_131' title='bbox 348 1474 389 1533; x_wconf 91' lang='lat' dir='ltr'>et,</span> <span class='ocrx_word' id='word_1_132' title='bbox 400 1470 464 1522; x_wconf 86' lang='lat' dir='ltr'>belli</span> <span class='ocrx_word' id='word_1_133' title='bbox 474 1469 583 1522; x_wconf 85' lang='lat' dir='ltr'>fervore</span> <span class='ocrx_word' id='word_1_134' title='bbox 593 1476 696 1534; x_wconf 75' lang='lat' dir='ltr'>retruso,</span> 
     </span>
     <span class='ocr_line' id='line_1_21' title="bbox 85 1536 820 1609; baseline -0.001 -15"><span class='ocrx_word' id='word_1_135' title='bbox 85 1540 165 1595; x_wconf 82' lang='lat' dir='ltr'>Laxa</span> <span class='ocrx_word' id='word_1_136' title='bbox 182 1539 251 1595; x_wconf 84' lang='lat' dir='ltr'>fides</span> <span class='ocrx_word' id='word_1_137' title='bbox 266 1539 372 1593; x_wconf 79' lang='lat' dir='ltr'>socium</span> <span class='ocrx_word' id='word_1_138' title='bbox 391 1546 442 1593; x_wconf 88' lang='lat' dir='ltr'>est.</span> <span class='ocrx_word' id='word_1_139' title='bbox 466 1538 528 1592; x_wconf 89' lang='lat' dir='ltr'>Noa</span> <span class='ocrx_word' id='word_1_140' title='bbox 548 1537 592 1593; x_wconf 85' lang='lat' dir='ltr'>bic</span> <span class='ocrx_word' id='word_1_141' title='bbox 603 1541 699 1594; x_wconf 82' lang='lat' dir='ltr'>domus</span> <span class='ocrx_word' id='word_1_142' title='bbox 709 1536 820 1609; x_wconf 75' lang='lat' dir='ltr'>hospita</span> 
     </span>
     <span class='ocr_line' id='line_1_22' title="bbox 190 1615 632 1663; baseline 0 0"><span class='ocrx_word' id='word_1_143' title='bbox 190 1656 195 1663; x_wconf 90' lang='lat'>.</span> <span class='ocrx_word' id='word_1_144' title='bbox 557 1615 632 1663; x_wconf 88' lang='lat' dir='ltr'>tecto</span> 
     </span>
     <span class='ocr_line' id='line_1_23' title="bbox 84 1676 693 1747; baseline -0.002 -15"><span class='ocrx_word' id='word_1_145' title='bbox 84 1680 186 1732; x_wconf 76' lang='lat' dir='ltr'>invitat</span> <span class='ocrx_word' id='word_1_146' title='bbox 195 1679 285 1747; x_wconf 86' lang='lat' dir='ltr'>patrio</span> <span class='ocrx_word' id='word_1_147' title='bbox 291 1715 299 1743; x_wconf 92' lang='lat'><strong><em>‚</em></strong></span> <span class='ocrx_word' id='word_1_148' title='bbox 310 1691 365 1729; x_wconf 93' lang='lat' dir='ltr'>non</span> <span class='ocrx_word' id='word_1_149' title='bbox 376 1677 449 1730; x_wconf 82' lang='lat' dir='ltr'>fidae</span> <span class='ocrx_word' id='word_1_150' title='bbox 460 1676 601 1730; x_wconf 86' lang='lat' dir='ltr'>moenibus</span> <span class='ocrx_word' id='word_1_151' title='bbox 610 1679 693 1732; x_wconf 85' lang='lat' dir='ltr'>urbes</span> 
     </span>
     <span class='ocr_line' id='line_1_24' title="bbox 84 1748 758 1817; baseline 0 -16"><span class='ocrx_word' id='word_1_152' title='bbox 84 1749 245 1817; x_wconf 81' lang='lat' dir='ltr'>Excipiunt,</span> <span class='ocrx_word' id='word_1_153' title='bbox 256 1753 422 1817; x_wconf 84' lang='lat' dir='ltr'>renovatque</span> <span class='ocrx_word' id='word_1_154' title='bbox 432 1749 491 1815; x_wconf 85' lang='lat' dir='ltr'>peri</span> <span class='ocrx_word' id='word_1_155' title='bbox 501 1764 530 1800; x_wconf 88' lang='lat' dir='ltr'>se</span> <span class='ocrx_word' id='word_1_156' title='bbox 544 1748 614 1816; x_wconf 86' lang='lat' dir='ltr'>pube</span> <span class='ocrx_word' id='word_1_157' title='bbox 624 1751 758 1801; x_wconf 80' lang='lat' dir='ltr'>iuventus.</span> 
     </span>
     <span class='ocr_line' id='line_1_25' title="bbox 85 1813 878 1886; baseline -0.003 -18"><span class='ocrx_word' id='word_1_158' title='bbox 85 1818 184 1884; x_wconf 84' lang='lat' dir='ltr'>Tertia</span> <span class='ocrx_word' id='word_1_159' title='bbox 193 1820 238 1869; x_wconf 81' lang='lat' dir='ltr'>vix</span> <span class='ocrx_word' id='word_1_160' title='bbox 249 1823 389 1886; x_wconf 79' lang='lat' dir='ltr'>superest,</span> <span class='ocrx_word' id='word_1_161' title='bbox 401 1818 485 1869; x_wconf 87' lang='lat' dir='ltr'>crudo</span> <span class='ocrx_word' id='word_1_162' title='bbox 497 1833 566 1886; x_wconf 85' lang='lat' dir='ltr'>quae</span> <span class='ocrx_word' id='word_1_163' title='bbox 576 1820 650 1870; x_wconf 78' lang='lat' dir='ltr'>venit</span> <span class='ocrx_word' id='word_1_164' title='bbox 659 1819 773 1880; x_wconf 87' lang='lat' dir='ltr'>Hibero,</span> <span class='ocrx_word' id='word_1_165' title='bbox 827 1813 878 1867; x_wconf 74' lang='lat'>325</span> 
     </span>
     <span class='ocr_line' id='line_1_26' title="bbox 86 1886 793 1949; baseline 0.004 -10"><span class='ocrx_word' id='word_1_166' title='bbox 86 1886 287 1939; x_wconf 71' lang='lat' dir='ltr'>Turbarirum.</span> <span class='ocrx_word' id='word_1_167' title='bbox 304 1886 416 1949; x_wconf 78' lang='lat' dir='ltr'>Per-sta,</span> <span class='ocrx_word' id='word_1_168' title='bbox 428 1893 457 1939; x_wconf 88' lang='lat' dir='ltr'>et</span> <span class='ocrx_word' id='word_1_169' title='bbox 466 1887 532 1939; x_wconf 88' lang='lat' dir='ltr'>lenti</span> <span class='ocrx_word' id='word_1_170' title='bbox 542 1888 719 1939; x_wconf 80' lang='lat' dir='ltr'>meditamina</span> <span class='ocrx_word' id='word_1_171' title='bbox 728 1886 793 1942; x_wconf 76' lang='lat' dir='ltr'>nelo</span> 
     </span>
     <span class='ocr_line' id='line_1_27' title="bbox 86 1952 745 2029; baseline 0.006 -23"><span class='ocrx_word' id='word_1_172' title='bbox 86 1955 189 2007; x_wconf 85' lang='lat' dir='ltr'>Cautus</span> <span class='ocrx_word' id='word_1_173' title='bbox 199 1969 268 2005; x_wconf 72' lang='lat' dir='ltr'>omn</span> <span class='ocrx_word' id='word_1_174' title='bbox 286 1952 316 2004; x_wconf 87' lang='lat' dir='ltr'>Si</span> <span class='ocrx_word' id='word_1_175' title='bbox 327 1970 381 2021; x_wconf 84' lang='lat' dir='ltr'>qun</span> <span class='ocrx_word' id='word_1_176' title='bbox 389 1957 495 2007; x_wconf 83' lang='lat' dir='ltr'>interce</span> <span class='ocrx_word' id='word_1_177' title='bbox 503 1957 659 2009; x_wconf 75' lang='lat' dir='ltr'>invitaverit</span> <span class='ocrx_word' id='word_1_178' title='bbox 668 1972 745 2029; x_wconf 59' lang='lat' dir='ltr'>nuru,</span> 
     </span>
     <span class='ocr_line' id='line_1_28' title="bbox 83 2022 715 2088; baseline 0.011 -18"><span class='ocrx_word' id='word_1_179' title='bbox 83 2022 269 2088; x_wconf 79' lang='lat' dir='ltr'>Annucritque</span> <span class='ocrx_word' id='word_1_180' title='bbox 279 2022 367 2084; x_wconf 90' lang='lat' dir='ltr'>Deus,</span> <span class='ocrx_word' id='word_1_181' title='bbox 379 2023 460 2074; x_wconf 79' lang='lat' dir='ltr'>velox</span> <span class='ocrx_word' id='word_1_182' title='bbox 470 2025 571 2075; x_wconf 82' lang='lat' dir='ltr'>accede</span> <span class='ocrx_word' id='word_1_183' title='bbox 579 2026 715 2082; x_wconf 83' lang='lat' dir='ltr'>secundis.</span> 
     </span>
     <span class='ocr_line' id='line_1_29' title="bbox 87 2089 740 2144; baseline 0.003 -2"><span class='ocrx_word' id='word_1_184' title='bbox 87 2090 136 2142; x_wconf 88' lang='lat' dir='ltr'>cui</span> <span class='ocrx_word' id='word_1_185' title='bbox 145 2089 266 2140; x_wconf 83' lang='lat' dir='ltr'>breviter</span> <span class='ocrx_word' id='word_1_186' title='bbox 276 2094 381 2140; x_wconf 77' lang='lat' dir='ltr'>nioceto</span> <span class='ocrx_word' id='word_1_187' title='bbox 392 2091 540 2142; x_wconf 76' lang='lat' dir='ltr'>Consubaic</span> <span class='ocrx_word' id='word_1_188' title='bbox 551 2106 599 2144; x_wconf 91' lang='lat' dir='ltr'>ore</span> <span class='ocrx_word' id='word_1_189' title='bbox 608 2095 740 2144; x_wconf 74' lang='lat' dir='ltr'>vicissim:</span> 
     </span>
     <span class='ocr_line' id='line_1_30' title="bbox 54 2153 879 2283; baseline 0.005 -71"><span class='ocrx_word' id='word_1_190' title='bbox 54 2162 56 2167; x_wconf 82' lang='lat'>&#39;</span> <span class='ocrx_word' id='word_1_191' title='bbox 86 2158 197 2212; x_wconf 85' lang='lat' dir='ltr'>Mecum</span> <span class='ocrx_word' id='word_1_192' title='bbox 208 2157 260 2238; x_wconf 81' lang='lat' dir='ltr'>erit</span> <span class='ocrx_word' id='word_1_193' title='bbox 274 2153 343 2208; x_wconf 84' lang='lat' dir='ltr'>haec</span> <span class='ocrx_word' id='word_1_194' title='bbox 356 2172 468 2226; x_wconf 85' lang='lat' dir='ltr'>prorsus</span> <span class='ocrx_word' id='word_1_195' title='bbox 478 2160 581 2228; x_wconf 81' lang='lat' dir='ltr'>pietas,</span> <span class='ocrx_word' id='word_1_196' title='bbox 598 2167 771 2232; x_wconf 82' lang='lat' dir='ltr'>montemque</span> <span class='ocrx_word' id='word_1_197' title='bbox 780 2158 820 2215; x_wconf 80' lang='lat' dir='ltr'>fe·</span> <span class='ocrx_word' id='word_1_198' title='bbox 828 2226 879 2283; x_wconf 55' lang='lat'>33⁰</span> 
     </span>
     <span class='ocr_line' id='line_1_31' title="bbox 517 2243 608 2280; baseline 0.022 -2"><span class='ocrx_word' id='word_1_199' title='bbox 517 2243 608 2280; x_wconf 88' lang='lat' dir='ltr'>remus</span> 
     </span>
     <span class='ocr_line' id='line_1_32' title="bbox 86 2293 778 2364; baseline 0.001 -15"><span class='ocrx_word' id='word_1_200' title='bbox 86 2297 118 2349; x_wconf 89' lang='lat' dir='ltr'>ln</span> <span class='ocrx_word' id='word_1_201' title='bbox 128 2293 251 2364; x_wconf 85' lang='lat' dir='ltr'>Poenos,</span> <span class='ocrx_word' id='word_1_202' title='bbox 262 2293 378 2358; x_wconf 82' lang='lat' dir='ltr'>invicte,</span> <span class='ocrx_word' id='word_1_203' title='bbox 390 2301 475 2349; x_wconf 82' lang='lat' dir='ltr'>tuem.</span> <span class='ocrx_word' id='word_1_204' title='bbox 492 2295 551 2348; x_wconf 90' lang='lat' dir='ltr'>Nec</span> <span class='ocrx_word' id='word_1_205' title='bbox 562 2311 605 2349; x_wconf 88' lang='lat' dir='ltr'>me</span> <span class='ocrx_word' id='word_1_206' title='bbox 615 2297 697 2349; x_wconf 82' lang='lat' dir='ltr'>unica</span> <span class='ocrx_word' id='word_1_207' title='bbox 707 2294 778 2350; x_wconf 73' lang='lat' dir='ltr'>fallit</span> 
     </span>
     <span class='ocr_line' id='line_1_33' title="bbox 88 2363 779 2434; baseline 0.004 -17"><span class='ocrx_word' id='word_1_208' title='bbox 88 2363 238 2417; x_wconf 80' lang='lat' dir='ltr'>Cunctandi</span> <span class='ocrx_word' id='word_1_209' title='bbox 251 2364 336 2427; x_wconf 86' lang='lat' dir='ltr'>ratio,</span> <span class='ocrx_word' id='word_1_210' title='bbox 349 2380 415 2432; x_wconf 85' lang='lat' dir='ltr'>qna,</span> <span class='ocrx_word' id='word_1_211' title='bbox 426 2372 455 2417; x_wconf 88' lang='lat' dir='ltr'>te</span> <span class='ocrx_word' id='word_1_212' title='bbox 465 2373 622 2434; x_wconf 81' lang='lat' dir='ltr'>grassante,</span> <span class='ocrx_word' id='word_1_213' title='bbox 632 2380 779 2420; x_wconf 73' lang='lat' dir='ltr'>senescens</span> 
     </span>
     <span class='ocr_line' id='line_1_34' title="bbox 86 2432 742 2499; baseline -0.003 -11"><span class='ocrx_word' id='word_1_214' title='bbox 86 2432 224 2488; x_wconf 85' lang='lat' dir='ltr'>Hannibal</span> <span class='ocrx_word' id='word_1_215' title='bbox 234 2447 394 2499; x_wconf 84' lang='lat' dir='ltr'>oppressum</span> <span class='ocrx_word' id='word_1_216' title='bbox 405 2435 472 2486; x_wconf 86' lang='lat' dir='ltr'>vidit</span> <span class='ocrx_word' id='word_1_217' title='bbox 479 2436 624 2488; x_wconf 87' lang='lat' dir='ltr'>considere</span> <span class='ocrx_word' id='word_1_218' title='bbox 633 2435 742 2488; x_wconf 87' lang='lat' dir='ltr'>bellum.</span> 
     </span>
     <span class='ocr_line' id='line_1_35' title="bbox 90 2501 876 2571; baseline 0.004 -17"><span class='ocrx_word' id='word_1_219' title='bbox 90 2501 145 2555; x_wconf 83' lang='lat' dir='ltr'>Sed</span> <span class='ocrx_word' id='word_1_220' title='bbox 155 2516 287 2571; x_wconf 82' lang='lat' dir='ltr'>quaenam</span> <span class='ocrx_word' id='word_1_221' title='bbox 295 2503 338 2558; x_wconf 84' lang='lat' dir='ltr'>ira</span> <span class='ocrx_word' id='word_1_222' title='bbox 346 2502 454 2557; x_wconf 62' lang='lat' dir='ltr'>Deum?</span> <span class='ocrx_word' id='word_1_223' title='bbox 472 2505 571 2556; x_wconf 82' lang='lat' dir='ltr'>consul</span> <span class='ocrx_word' id='word_1_224' title='bbox 581 2505 662 2559; x_wconf 82' lang='lat' dir='ltr'>datus</span> <span class='ocrx_word' id='word_1_225' title='bbox 670 2504 833 2571; x_wconf 56' lang='lat' dir='ltr'>attempt·</span> <span class='ocrx_word' id='word_1_226' title='bbox 872 2548 876 2557; x_wconf 26' lang='lat' dir='ltr'>x</span> 
     </span>
     <span class='ocr_line' id='line_1_36' title="bbox 563 2590 619 2627; baseline -0.018 -1"><span class='ocrx_word' id='word_1_227' title='bbox 563 2590 619 2627; x_wconf 69' lang='lat' dir='ltr'>nean</span> 
     </span>
     <span class='ocr_line' id='line_1_37' title="bbox 52 2610 944 2720; baseline -0.012 -26"><span class='ocrx_word' id='word_1_228' title='bbox 52 2630 68 2678; x_wconf 53' lang='grc' dir='ltr'><strong><em>ἰ</em></strong></span> <span class='ocrx_word' id='word_1_229' title='bbox 85 2634 286 2710; x_wconf 68' lang='lat' dir='ltr'>saonem,</span> <span class='ocrx_word' id='word_1_230' title='bbox 299 2643 372 2704; x_wconf 84' lang='lat' dir='ltr'>alter</span> <span class='ocrx_word' id='word_1_231' title='bbox 381 2645 500 2704; x_wconf 85' lang='lat' dir='ltr'>Poenis.</span> <span class='ocrx_word' id='word_1_232' title='bbox 514 2610 633 2703; x_wconf 60' lang='lat' dir='ltr'>&#39;brabit&#39;</span> <span class='ocrx_word' id='word_1_233' title='bbox 639 2641 744 2720; x_wconf 64' lang='lat' dir='ltr'>omnia</span> <span class='ocrx_word' id='word_1_234' title='bbox 750 2618 944 2690; x_wconf 56' lang='lat' dir='ltr'>aceum&#39;ffi</span> 
     </span>
    </p>
   </div>
   <div class='ocr_carea' id='block_1_3' title="bbox 0 0 968 3308">
    <p class='ocr_par' dir='ltr' id='par_1_3' title="bbox 0 0 968 3308">
     <span class='ocr_line' id='line_1_38' title="bbox 0 0 968 3308; baseline 0 0"><span class='ocrx_word' id='word_1_235' title='bbox 0 0 968 3308; x_wconf 95' lang='lat' dir='ltr'> </span> 
     </span>
    </p>
   </div>
  </div>
 </body>
</html>
