<?xml version="1.0" encoding="UTF-8"?>
<!DOCTYPE html PUBLIC "-//W3C//DTD XHTML 1.0 Transitional//EN"
    "http://www.w3.org/TR/xhtml1/DTD/xhtml1-transitional.dtd">
<html xmlns="http://www.w3.org/1999/xhtml" xml:lang="en" lang="en">
 <head>
  <title>
</title>
<meta http-equiv="Content-Type" content="text/html;charset=utf-8" />
  <meta name='ocr-system' content='tesseract 3.04.00' />
  <meta name='ocr-capabilities' content='ocr_page ocr_carea ocr_par ocr_line ocrx_word'/>
</head>
<body>
  <div class='ocr_page' id='page_1' title='image "./caiisiliiitalic01italgoog_0282.png"; bbox 0 0 1906 3308; ppageno 0'>
   <div class='ocr_carea' id='block_1_1' title="bbox 203 66 806 164">
    <p class='ocr_par' dir='ltr' id='par_1_1' title="bbox 203 66 806 164">
     <span class='ocr_line' id='line_1_1' title="bbox 203 66 806 164; baseline 0 0"><span class='ocrx_word' id='word_1_1' title='bbox 203 66 660 164; x_wconf 65' lang='lat' dir='ltr'>PUNICORUM=L113.xlv.</span> <span class='ocrx_word' id='word_1_2' title='bbox 691 127 692 130; x_wconf 14' lang='grc' dir='ltr'><strong><em>κ</em></strong></span> <span class='ocrx_word' id='word_1_3' title='bbox 754 107 806 164; x_wconf 81' lang='lat'>301</span> 
     </span>
    </p>
   </div>
   <div class='ocr_carea' id='block_1_2' title="bbox 67 227 880 624">
    <p class='ocr_par' dir='ltr' id='par_1_2' title="bbox 70 227 696 300">
     <span class='ocr_line' id='line_1_2' title="bbox 70 227 696 300; baseline -0.005 -15"><span class='ocrx_word' id='word_1_4' title='bbox 70 235 132 297; x_wconf 75' lang='lat' dir='ltr'>Quo</span> <span class='ocrx_word' id='word_1_5' title='bbox 143 237 239 300; x_wconf 86' lang='lat' dir='ltr'>portus</span> <span class='ocrx_word' id='word_1_6' title='bbox 250 230 335 282; x_wconf 85' lang='lat' dir='ltr'>muris</span> <span class='ocrx_word' id='word_1_7' title='bbox 346 233 459 297; x_wconf 85' lang='lat' dir='ltr'>pacatas</span> <span class='ocrx_word' id='word_1_8' title='bbox 470 229 590 296; x_wconf 89' lang='lat' dir='ltr'>applicat</span> <span class='ocrx_word' id='word_1_9' title='bbox 598 227 696 294; x_wconf 85' lang='lat' dir='ltr'>undas,</span> 
     </span>
    </p>

    <p class='ocr_par' dir='ltr' id='par_1_3' title="bbox 69 300 640 370">
     <span class='ocr_line' id='line_1_3' title="bbox 69 300 640 370; baseline -0.012 -15"><span class='ocrx_word' id='word_1_10' title='bbox 69 304 221 370; x_wconf 86' lang='lat' dir='ltr'>lmprovisa</span> <span class='ocrx_word' id='word_1_11' title='bbox 231 314 302 350; x_wconf 85' lang='lat' dir='ltr'>novo</span> <span class='ocrx_word' id='word_1_12' title='bbox 314 301 400 366; x_wconf 88' lang='lat' dir='ltr'>pestis</span> <span class='ocrx_word' id='word_1_13' title='bbox 410 300 560 349; x_wconf 89' lang='lat' dir='ltr'>conterruit</span> <span class='ocrx_word' id='word_1_14' title='bbox 571 304 640 349; x_wconf 85' lang='lat' dir='ltr'>astu.</span> 
     </span>
    </p>

    <p class='ocr_par' dir='ltr' id='par_1_4' title="bbox 67 366 880 504">
     <span class='ocr_line' id='line_1_4' title="bbox 69 366 880 438; baseline -0.001 -15"><span class='ocrx_word' id='word_1_15' title='bbox 69 371 158 423; x_wconf 90' lang='lat' dir='ltr'>Trabs</span> <span class='ocrx_word' id='word_1_16' title='bbox 168 370 246 420; x_wconf 89' lang='lat' dir='ltr'>fabre</span> <span class='ocrx_word' id='word_1_17' title='bbox 256 375 338 430; x_wconf 89' lang='lat' dir='ltr'>teres,</span> <span class='ocrx_word' id='word_1_18' title='bbox 349 374 442 435; x_wconf 87' lang='lat' dir='ltr'>atque,</span> <span class='ocrx_word' id='word_1_19' title='bbox 455 369 539 419; x_wconf 84' lang='lat' dir='ltr'>erasis</span> <span class='ocrx_word' id='word_1_20' title='bbox 549 366 667 438; x_wconf 86' lang='lat' dir='ltr'>undique</span> <span class='ocrx_word' id='word_1_21' title='bbox 678 367 767 435; x_wconf 82' lang='lat' dir='ltr'>nodis,</span> <span class='ocrx_word' id='word_1_22' title='bbox 811 369 863 424; x_wconf 79' lang='grc'>330</span> <span class='ocrx_word' id='word_1_23' title='bbox 876 394 880 402; x_wconf 36' lang='lat' dir='ltr'>r</span> 
     </span>
     <span class='ocr_line' id='line_1_5' title="bbox 67 435 619 504; baseline -0.007 -13"><span class='ocrx_word' id='word_1_24' title='bbox 67 439 166 491; x_wconf 85' lang='lat' dir='ltr'>Navali</span> <span class='ocrx_word' id='word_1_25' title='bbox 176 437 270 489; x_wconf 87' lang='lat' dir='ltr'>similis</span> <span class='ocrx_word' id='word_1_26' title='bbox 279 437 361 500; x_wconf 78' lang='lat' dir='ltr'>malo,</span> <span class='ocrx_word' id='word_1_27' title='bbox 372 436 496 504; x_wconf 83' lang='lat' dir='ltr'>praefixa</span> <span class='ocrx_word' id='word_1_28' title='bbox 503 435 619 504; x_wconf 75' lang='lat' dir='ltr'>gerebat</span> 
     </span>
    </p>

    <p class='ocr_par' dir='ltr' id='par_1_5' title="bbox 68 505 712 624">
     <span class='ocr_line' id='line_1_6' title="bbox 68 505 712 624; baseline 0 -65"><span class='ocrx_word' id='word_1_29' title='bbox 68 510 161 560; x_wconf 86' lang='lat' dir='ltr'>Uncae</span> <span class='ocrx_word' id='word_1_30' title='bbox 173 506 347 558; x_wconf 78' lang='lat' dir='ltr'>telamones:</span> <span class='ocrx_word' id='word_1_31' title='bbox 357 520 392 557; x_wconf 89' lang='lat' dir='ltr'>ea</span> <span class='ocrx_word' id='word_1_32' title='bbox 401 505 474 557; x_wconf 88' lang='lat' dir='ltr'>celso</span> <span class='ocrx_word' id='word_1_33' title='bbox 485 518 520 556; x_wconf 85' lang='lat' dir='ltr'>ex</span> <span class='ocrx_word' id='word_1_34' title='bbox 530 519 631 624; x_wconf 49' lang='lat' dir='ltr'>apgere</span> <span class='ocrx_word' id='word_1_35' title='bbox 640 506 712 559; x_wconf 81' lang='lat' dir='ltr'>muri</span> 
     </span>
    </p>
   </div>
   <div class='ocr_carea' id='block_1_3' title="bbox 10 574 937 2633">
    <p class='ocr_par' dir='ltr' id='par_1_6' title="bbox 65 574 863 920">
     <span class='ocr_line' id='line_1_7' title="bbox 68 574 617 642; baseline -0.005 -13"><span class='ocrx_word' id='word_1_36' title='bbox 68 576 206 629; x_wconf 89' lang='lat' dir='ltr'>Bellantes</span> <span class='ocrx_word' id='word_1_37' title='bbox 217 574 464 642; x_wconf 81' lang='lat' dir='ltr'>eurrirapiebetin</span> <span class='ocrx_word' id='word_1_38' title='bbox 474 588 540 626; x_wconf 88' lang='lat' dir='ltr'>aera</span> <span class='ocrx_word' id='word_1_39' title='bbox 561 575 617 626; x_wconf 86' lang='lat' dir='ltr'>erri</span> 
     </span>
     <span class='ocr_line' id='line_1_8' title="bbox 67 641 789 713; baseline 0 -16"><span class='ocrx_word' id='word_1_40' title='bbox 67 641 789 713; x_wconf 70' lang='lat' dir='ltr'>Unguibus,etmediamrevocataferebatinurbem.</span> 
     </span>
     <span class='ocr_line' id='line_1_9' title="bbox 67 710 863 780; baseline 0 -13"><span class='ocrx_word' id='word_1_41' title='bbox 67 713 128 767; x_wconf 84' lang='lat' dir='ltr'>Nec.</span> <span class='ocrx_word' id='word_1_42' title='bbox 137 714 210 766; x_wconf 86' lang='lat' dir='ltr'>solos</span> <span class='ocrx_word' id='word_1_43' title='bbox 220 715 261 766; x_wconf 85' lang='lat' dir='ltr'>ris</span> <span class='ocrx_word' id='word_1_44' title='bbox 273 712 320 764; x_wconf 91' lang='lat' dir='ltr'>illa</span> <span class='ocrx_word' id='word_1_45' title='bbox 330 713 412 775; x_wconf 72' lang='lat' dir='ltr'>droa,</span> <span class='ocrx_word' id='word_1_46' title='bbox 423 713 488 780; x_wconf 81' lang='lat' dir='ltr'>quin</span> <span class='ocrx_word' id='word_1_47' title='bbox 498 727 580 780; x_wconf 88' lang='lat' dir='ltr'>saepe</span> <span class='ocrx_word' id='word_1_48' title='bbox 590 715 730 768; x_wconf 84' lang='lat' dir='ltr'>triremem</span> <span class='ocrx_word' id='word_1_49' title='bbox 811 710 863 767; x_wconf 80' lang='lat' dir='ltr'>tat</span> 
     </span>
     <span class='ocr_line' id='line_1_10' title="bbox 66 780 764 852; baseline 0 -17"><span class='ocrx_word' id='word_1_50' title='bbox 66 783 219 852; x_wconf 85' lang='lat' dir='ltr'>Belligcrae</span> <span class='ocrx_word' id='word_1_51' title='bbox 231 796 346 849; x_wconf 79' lang='lat' dir='ltr'>rapuere</span> <span class='ocrx_word' id='word_1_52' title='bbox 357 780 457 844; x_wconf 69' lang='lat' dir='ltr'>trabea</span> <span class='ocrx_word' id='word_1_53' title='bbox 469 796 532 832; x_wconf 91' lang='lat' dir='ltr'>cum</span> <span class='ocrx_word' id='word_1_54' title='bbox 543 782 661 851; x_wconf 78' lang='lat' dir='ltr'>desuper</span> <span class='ocrx_word' id='word_1_55' title='bbox 672 788 764 835; x_wconf 87' lang='lat' dir='ltr'>actum</span> 
     </span>
     <span class='ocr_line' id='line_1_11' title="bbox 65 847 776 920; baseline -0.001 -14"><span class='ocrx_word' id='word_1_56' title='bbox 65 855 224 906; x_wconf 90' lang='lat' dir='ltr'>Incuterent</span> <span class='ocrx_word' id='word_1_57' title='bbox 235 851 318 917; x_wconf 90' lang='lat' dir='ltr'>puppi</span> <span class='ocrx_word' id='word_1_58' title='bbox 329 847 473 915; x_wconf 87' lang='lat' dir='ltr'>chalybem</span> <span class='ocrx_word' id='word_1_59' title='bbox 484 864 645 920; x_wconf 85' lang='lat' dir='ltr'>morsusque</span> <span class='ocrx_word' id='word_1_60' title='bbox 654 857 776 915; x_wconf 80' lang='lat' dir='ltr'>tenaces.</span> 
     </span>
    </p>

    <p class='ocr_par' dir='ltr' id='par_1_7' title="bbox 67 918 648 986">
     <span class='ocr_line' id='line_1_12' title="bbox 67 918 648 986; baseline -0.002 -12"><span class='ocrx_word' id='word_1_61' title='bbox 67 922 129 986; x_wconf 70' lang='lat' dir='ltr'>oui,</span> <span class='ocrx_word' id='word_1_62' title='bbox 140 920 220 973; x_wconf 86' lang='lat' dir='ltr'>simul</span> <span class='ocrx_word' id='word_1_63' title='bbox 232 921 314 971; x_wconf 77' lang='lat' dir='ltr'>adino</span> <span class='ocrx_word' id='word_1_64' title='bbox 325 919 416 970; x_wconf 77' lang='lat' dir='ltr'>vicina</span> <span class='ocrx_word' id='word_1_65' title='bbox 424 919 453 969; x_wconf 88' lang='lat' dir='ltr'>in</span> <span class='ocrx_word' id='word_1_66' title='bbox 462 918 565 970; x_wconf 87' lang='lat' dir='ltr'>robora</span> <span class='ocrx_word' id='word_1_67' title='bbox 574 919 648 973; x_wconf 77' lang='lat' dir='ltr'>terro</span> 
     </span>
    </p>

    <p class='ocr_par' dir='ltr' id='par_1_8' title="bbox 20 988 745 1055">
     <span class='ocr_line' id='line_1_13' title="bbox 20 988 745 1055; baseline -0.006 -11"><span class='ocrx_word' id='word_1_68' title='bbox 20 990 23 995; x_wconf 81' lang='grc'><strong>“</strong></span> <span class='ocrx_word' id='word_1_69' title='bbox 65 990 239 1044; x_wconf 72' lang='lat' dir='ltr'>sustulerant</span> <span class='ocrx_word' id='word_1_70' title='bbox 248 989 363 1041; x_wconf 85' lang='lat' dir='ltr'>sublime</span> <span class='ocrx_word' id='word_1_71' title='bbox 373 994 472 1052; x_wconf 87' lang='lat' dir='ltr'>ratem,</span> <span class='ocrx_word' id='word_1_72' title='bbox 482 988 745 1055; x_wconf 77' lang='lat' dir='ltr'>(miserabilevisul)</span> 
     </span>
    </p>

    <p class='ocr_par' dir='ltr' id='par_1_9' title="bbox 63 1057 862 1197">
     <span class='ocr_line' id='line_1_14' title="bbox 63 1057 862 1113; baseline -0.003 0"><span class='ocrx_word' id='word_1_73' title='bbox 63 1060 120 1113; x_wconf 85' lang='lat' dir='ltr'>Per</span> <span class='ocrx_word' id='word_1_74' title='bbox 128 1060 247 1112; x_wconf 85' lang='lat' dir='ltr'>subitum</span> <span class='ocrx_word' id='word_1_75' title='bbox 257 1074 351 1111; x_wconf 87' lang='lat' dir='ltr'>rursus</span> <span class='ocrx_word' id='word_1_76' title='bbox 362 1058 462 1110; x_wconf 83' lang='lat' dir='ltr'>laxatis</span> <span class='ocrx_word' id='word_1_77' title='bbox 473 1063 533 1110; x_wconf 84' lang='lat' dir='ltr'>arte</span> <span class='ocrx_word' id='word_1_78' title='bbox 545 1059 649 1111; x_wconf 85' lang='lat' dir='ltr'>catenis</span> <span class='ocrx_word' id='word_1_79' title='bbox 810 1057 862 1112; x_wconf 87' lang='grc'>330</span> 
     </span>
     <span class='ocr_line' id='line_1_15' title="bbox 64 1124 750 1197; baseline -0.006 -14"><span class='ocrx_word' id='word_1_80' title='bbox 64 1131 157 1185; x_wconf 86' lang='lat' dir='ltr'>Tanta</span> <span class='ocrx_word' id='word_1_81' title='bbox 166 1130 344 1197; x_wconf 88' lang='lat' dir='ltr'>praecipitem</span> <span class='ocrx_word' id='word_1_82' title='bbox 354 1127 507 1179; x_wconf 81' lang='lat' dir='ltr'>reddebant</span> <span class='ocrx_word' id='word_1_83' title='bbox 516 1128 588 1180; x_wconf 89' lang='lat' dir='ltr'>mole</span> <span class='ocrx_word' id='word_1_84' title='bbox 599 1124 750 1195; x_wconf 63' lang='lat' dir='ltr'>protunda</span> 
     </span>
    </p>

    <p class='ocr_par' dir='ltr' id='par_1_10' title="bbox 63 1195 757 1266">
     <span class='ocr_line' id='line_1_16' title="bbox 63 1195 757 1266; baseline -0.004 -15"><span class='ocrx_word' id='word_1_85' title='bbox 63 1201 102 1251; x_wconf 91' lang='lat' dir='ltr'>Ut</span> <span class='ocrx_word' id='word_1_86' title='bbox 111 1204 199 1251; x_wconf 84' lang='lat' dir='ltr'>totam</span> <span class='ocrx_word' id='word_1_87' title='bbox 209 1195 352 1250; x_wconf 84' lang='lat' dir='ltr'>haurirent</span> <span class='ocrx_word' id='word_1_88' title='bbox 359 1196 449 1247; x_wconf 87' lang='lat' dir='ltr'>undae</span> <span class='ocrx_word' id='word_1_89' title='bbox 461 1212 523 1249; x_wconf 87' lang='lat' dir='ltr'>cum</span> <span class='ocrx_word' id='word_1_90' title='bbox 533 1198 619 1250; x_wconf 89' lang='lat' dir='ltr'>milite</span> <span class='ocrx_word' id='word_1_91' title='bbox 629 1212 757 1266; x_wconf 82' lang='lat' dir='ltr'>puppem.</span> 
     </span>
    </p>

    <p class='ocr_par' dir='ltr' id='par_1_11' title="bbox 64 1264 698 1334">
     <span class='ocr_line' id='line_1_17' title="bbox 64 1264 698 1334; baseline -0.005 -14"><span class='ocrx_word' id='word_1_92' title='bbox 64 1269 117 1320; x_wconf 84' lang='lat' dir='ltr'>His</span> <span class='ocrx_word' id='word_1_93' title='bbox 127 1281 210 1334; x_wconf 88' lang='lat' dir='ltr'>super</span> <span class='ocrx_word' id='word_1_94' title='bbox 219 1265 323 1316; x_wconf 73' lang='lat' dir='ltr'>insidiis</span> <span class='ocrx_word' id='word_1_95' title='bbox 335 1270 451 1332; x_wconf 77' lang='lat' dir='ltr'>angusta</span> <span class='ocrx_word' id='word_1_96' title='bbox 460 1264 596 1317; x_wconf 74' lang='lat' dir='ltr'>foramina</span> <span class='ocrx_word' id='word_1_97' title='bbox 604 1280 698 1317; x_wconf 85' lang='lat' dir='ltr'>murus</span> 
     </span>
    </p>

    <p class='ocr_par' dir='ltr' id='par_1_12' title="bbox 10 1333 726 1401">
     <span class='ocr_line' id='line_1_18' title="bbox 10 1333 726 1401; baseline -0.007 -12"><span class='ocrx_word' id='word_1_98' title='bbox 10 1366 22 1400; x_wconf 86' lang='lat'>·.</span> <span class='ocrx_word' id='word_1_99' title='bbox 34 1380 36 1385; x_wconf 71' lang='grc'>,</span> <span class='ocrx_word' id='word_1_100' title='bbox 63 1338 129 1389; x_wconf 80' lang='lat' dir='ltr'>Arte</span> <span class='ocrx_word' id='word_1_101' title='bbox 141 1334 340 1397; x_wconf 27' lang='lat' dir='ltr'>cavata-dabat,</span> <span class='ocrx_word' id='word_1_102' title='bbox 352 1348 402 1400; x_wconf 91' lang='lat' dir='ltr'>per</span> <span class='ocrx_word' id='word_1_103' title='bbox 413 1347 482 1401; x_wconf 74' lang='lat' dir='ltr'>quiae</span> <span class='ocrx_word' id='word_1_104' title='bbox 493 1333 659 1386; x_wconf 79' lang='lat' dir='ltr'>confundere</span> <span class='ocrx_word' id='word_1_105' title='bbox 669 1334 726 1385; x_wconf 88' lang='lat' dir='ltr'>tela</span> 
     </span>
    </p>

    <p class='ocr_par' dir='ltr' id='par_1_13' title="bbox 63 1401 863 1536">
     <span class='ocr_line' id='line_1_19' title="bbox 64 1401 863 1472; baseline -0.001 -15"><span class='ocrx_word' id='word_1_106' title='bbox 64 1408 168 1457; x_wconf 88' lang='lat' dir='ltr'>Tutum</span> <span class='ocrx_word' id='word_1_107' title='bbox 180 1409 247 1466; x_wconf 87' lang='lat' dir='ltr'>erat,</span> <span class='ocrx_word' id='word_1_108' title='bbox 260 1404 386 1470; x_wconf 89' lang='lat' dir='ltr'>opposito</span> <span class='ocrx_word' id='word_1_109' title='bbox 398 1402 567 1456; x_wconf 79' lang='lat' dir='ltr'>mittentibus</span> <span class='ocrx_word' id='word_1_110' title='bbox 578 1418 680 1472; x_wconf 74' lang='lat' dir='ltr'>aggere</span> <span class='ocrx_word' id='word_1_111' title='bbox 689 1402 761 1455; x_wconf 84' lang='lat' dir='ltr'>valli.</span> <span class='ocrx_word' id='word_1_112' title='bbox 796 1418 799 1423; x_wconf 89' lang='lat'>·</span> <span class='ocrx_word' id='word_1_113' title='bbox 811 1401 863 1457; x_wconf 81' lang='grc'>335</span> 
     </span>
     <span class='ocr_line' id='line_1_20' title="bbox 63 1471 731 1536; baseline -0.004 -9"><span class='ocrx_word' id='word_1_114' title='bbox 63 1474 123 1527; x_wconf 89' lang='lat' dir='ltr'>Nee</span> <span class='ocrx_word' id='word_1_115' title='bbox 135 1476 192 1525; x_wconf 89' lang='lat' dir='ltr'>sinc</span> <span class='ocrx_word' id='word_1_116' title='bbox 204 1473 301 1524; x_wconf 82' lang='lat' dir='ltr'>fraude</span> <span class='ocrx_word' id='word_1_117' title='bbox 311 1471 399 1536; x_wconf 87' lang='lat' dir='ltr'>labos,</span> <span class='ocrx_word' id='word_1_118' title='bbox 411 1478 473 1523; x_wconf 87' lang='lat' dir='ltr'>arta</span> <span class='ocrx_word' id='word_1_119' title='bbox 482 1486 516 1523; x_wconf 92' lang='lat' dir='ltr'>ne</span> <span class='ocrx_word' id='word_1_120' title='bbox 527 1488 621 1524; x_wconf 84' lang='lat' dir='ltr'>rursus</span> <span class='ocrx_word' id='word_1_121' title='bbox 633 1472 731 1524; x_wconf 85' lang='lat' dir='ltr'>eodem</span> 
     </span>
    </p>

    <p class='ocr_par' dir='ltr' id='par_1_14' title="bbox 19 1540 859 1889">
     <span class='ocr_line' id='line_1_21' title="bbox 19 1540 759 1611; baseline -0.004 -16"><span class='ocrx_word' id='word_1_122' title='bbox 19 1548 29 1567; x_wconf 88' lang='lat'><strong><em>¹</em></strong></span> <span class='ocrx_word' id='word_1_123' title='bbox 65 1542 177 1611; x_wconf 78' lang='lat' dir='ltr'>Spicula</span> <span class='ocrx_word' id='word_1_124' title='bbox 187 1542 220 1594; x_wconf 89' lang='lat' dir='ltr'>ab</span> <span class='ocrx_word' id='word_1_125' title='bbox 231 1540 311 1594; x_wconf 83' lang='lat' dir='ltr'>hoste</span> <span class='ocrx_word' id='word_1_126' title='bbox 321 1542 366 1593; x_wconf 84' lang='lat' dir='ltr'>via</span> <span class='ocrx_word' id='word_1_127' title='bbox 375 1542 478 1594; x_wconf 85' lang='lat' dir='ltr'>vicibus</span> <span class='ocrx_word' id='word_1_128' title='bbox 491 1547 619 1593; x_wconf 89' lang='lat' dir='ltr'>contorta</span> <span class='ocrx_word' id='word_1_129' title='bbox 628 1542 759 1594; x_wconf 81' lang='lat' dir='ltr'>redirent.</span> 
     </span>
     <span class='ocr_line' id='line_1_22' title="bbox 64 1611 743 1679; baseline -0.004 -13"><span class='ocrx_word' id='word_1_130' title='bbox 64 1613 205 1666; x_wconf 74' lang='lat' dir='ltr'>calliditas</span> <span class='ocrx_word' id='word_1_131' title='bbox 219 1612 311 1675; x_wconf 85' lang='lat' dir='ltr'>Graia,</span> <span class='ocrx_word' id='word_1_132' title='bbox 324 1616 406 1679; x_wconf 87' lang='lat' dir='ltr'>atque</span> <span class='ocrx_word' id='word_1_133' title='bbox 418 1617 493 1663; x_wconf 87' lang='lat' dir='ltr'>aetus</span> <span class='ocrx_word' id='word_1_134' title='bbox 504 1611 650 1678; x_wconf 86' lang='lat' dir='ltr'>pollentior</span> <span class='ocrx_word' id='word_1_135' title='bbox 660 1612 743 1663; x_wconf 86' lang='lat' dir='ltr'>armis</span> 
     </span>
     <span class='ocr_line' id='line_1_23' title="bbox 62 1681 748 1751; baseline -0.003 -16"><span class='ocrx_word' id='word_1_136' title='bbox 62 1681 223 1735; x_wconf 86' lang='lat' dir='ltr'>Marcellum</span> <span class='ocrx_word' id='word_1_137' title='bbox 235 1687 379 1751; x_wconf 85' lang='lat' dir='ltr'>tantasque</span> <span class='ocrx_word' id='word_1_138' title='bbox 388 1681 476 1734; x_wconf 87' lang='lat' dir='ltr'>minas</span> <span class='ocrx_word' id='word_1_139' title='bbox 486 1687 613 1750; x_wconf 87' lang='lat' dir='ltr'>terraque</span> <span class='ocrx_word' id='word_1_140' title='bbox 624 1681 748 1751; x_wconf 86' lang='lat' dir='ltr'>marique</span> 
     </span>
     <span class='ocr_line' id='line_1_24' title="bbox 61 1740 859 1820; baseline 0 -18"><span class='ocrx_word' id='word_1_141' title='bbox 61 1751 193 1816; x_wconf 78' lang='lat' dir='ltr'>Arcebat3</span> <span class='ocrx_word' id='word_1_142' title='bbox 204 1751 348 1820; x_wconf 87' lang='lat' dir='ltr'>stabatque</span> <span class='ocrx_word' id='word_1_143' title='bbox 358 1740 454 1820; x_wconf 56' lang='lat' dir='ltr'>ingens</span> <span class='ocrx_word' id='word_1_144' title='bbox 465 1749 500 1802; x_wconf 87' lang='lat' dir='ltr'>ad</span> <span class='ocrx_word' id='word_1_145' title='bbox 509 1751 619 1803; x_wconf 90' lang='lat' dir='ltr'>moenia</span> <span class='ocrx_word' id='word_1_146' title='bbox 628 1750 737 1802; x_wconf 90' lang='lat' dir='ltr'>bellum.</span> <span class='ocrx_word' id='word_1_147' title='bbox 807 1748 859 1803; x_wconf 80' lang='grc'>340</span> 
     </span>
     <span class='ocr_line' id='line_1_25' title="bbox 62 1819 722 1889; baseline -0.002 -16"><span class='ocrx_word' id='word_1_148' title='bbox 62 1820 114 1873; x_wconf 85' lang='lat' dir='ltr'>Vir</span> <span class='ocrx_word' id='word_1_149' title='bbox 123 1819 175 1872; x_wconf 82' lang='lat' dir='ltr'>fuit</span> <span class='ocrx_word' id='word_1_150' title='bbox 185 1820 337 1873; x_wconf 78' lang='lat' dir='ltr'>Isthmiacis</span> <span class='ocrx_word' id='word_1_151' title='bbox 349 1820 432 1873; x_wconf 82' lang='lat' dir='ltr'>decus</span> <span class='ocrx_word' id='word_1_152' title='bbox 443 1819 597 1889; x_wconf 80' lang='lat' dir='ltr'>immortale</span> <span class='ocrx_word' id='word_1_153' title='bbox 608 1821 722 1885; x_wconf 85' lang='lat' dir='ltr'>colonis,</span> 
     </span>
    </p>

    <p class='ocr_par' dir='ltr' id='par_1_15' title="bbox 62 1888 677 1957">
     <span class='ocr_line' id='line_1_26' title="bbox 62 1888 677 1957; baseline 0.002 -17"><span class='ocrx_word' id='word_1_154' title='bbox 62 1889 175 1957; x_wconf 82' lang='lat' dir='ltr'>Ingenio</span> <span class='ocrx_word' id='word_1_155' title='bbox 187 1888 268 1941; x_wconf 84' lang='lat' dir='ltr'>facile</span> <span class='ocrx_word' id='word_1_156' title='bbox 279 1895 343 1941; x_wconf 87' lang='lat' dir='ltr'>ante</span> <span class='ocrx_word' id='word_1_157' title='bbox 352 1890 420 1942; x_wconf 86' lang='lat' dir='ltr'>allos</span> <span class='ocrx_word' id='word_1_158' title='bbox 428 1889 534 1942; x_wconf 90' lang='lat' dir='ltr'>telluris</span> <span class='ocrx_word' id='word_1_159' title='bbox 545 1890 677 1953; x_wconf 83' lang='lat' dir='ltr'>alumnos,</span> 
     </span>
    </p>

    <p class='ocr_par' dir='ltr' id='par_1_16' title="bbox 63 1956 799 2091">
     <span class='ocr_line' id='line_1_27' title="bbox 64 1956 799 2027; baseline 0.001 -18"><span class='ocrx_word' id='word_1_160' title='bbox 64 1956 160 2009; x_wconf 87' lang='lat' dir='ltr'>Nudus</span> <span class='ocrx_word' id='word_1_161' title='bbox 171 1972 266 2023; x_wconf 85' lang='lat' dir='ltr'>opum3</span> <span class='ocrx_word' id='word_1_162' title='bbox 276 1957 325 2009; x_wconf 85' lang='lat' dir='ltr'>sed</span> <span class='ocrx_word' id='word_1_163' title='bbox 337 1959 380 2009; x_wconf 91' lang='lat' dir='ltr'>cui</span> <span class='ocrx_word' id='word_1_164' title='bbox 392 1958 498 2009; x_wconf 86' lang='lat' dir='ltr'>coelum</span> <span class='ocrx_word' id='word_1_165' title='bbox 509 1964 654 2027; x_wconf 87' lang='lat' dir='ltr'>terraeque</span> <span class='ocrx_word' id='word_1_166' title='bbox 664 1963 799 2027; x_wconf 87' lang='lat' dir='ltr'>paterent.</span> 
     </span>
     <span class='ocr_line' id='line_1_28' title="bbox 63 2023 669 2091; baseline 0 -13"><span class='ocrx_word' id='word_1_167' title='bbox 63 2026 112 2078; x_wconf 90' lang='lat' dir='ltr'>llle</span> <span class='ocrx_word' id='word_1_168' title='bbox 122 2039 208 2077; x_wconf 84' lang='lat' dir='ltr'>novus</span> <span class='ocrx_word' id='word_1_169' title='bbox 219 2025 322 2091; x_wconf 84' lang='lat' dir='ltr'>pluria‘s</span> <span class='ocrx_word' id='word_1_170' title='bbox 333 2026 420 2076; x_wconf 86' lang='lat' dir='ltr'>Titan</span> <span class='ocrx_word' id='word_1_171' title='bbox 426 2031 458 2076; x_wconf 89' lang='lat' dir='ltr'>nt</span> <span class='ocrx_word' id='word_1_172' title='bbox 466 2023 597 2091; x_wconf 85' lang='lat' dir='ltr'>proderet</span> <span class='ocrx_word' id='word_1_173' title='bbox 606 2033 669 2078; x_wconf 88' lang='lat' dir='ltr'>ortu</span> 
     </span>
    </p>

    <p class='ocr_par' dir='ltr' id='par_1_17' title="bbox 62 2092 937 2371">
     <span class='ocr_line' id='line_1_29' title="bbox 63 2092 937 2158; baseline -0.002 -11"><span class='ocrx_word' id='word_1_174' title='bbox 63 2095 190 2148; x_wconf 71' lang='lat' dir='ltr'>luscam</span> <span class='ocrx_word' id='word_1_175' title='bbox 201 2094 287 2144; x_wconf 82' lang='lat' dir='ltr'>tristis</span> <span class='ocrx_word' id='word_1_176' title='bbox 297 2093 449 2157; x_wconf 80' lang='lat' dir='ltr'>radiis3ille</span> <span class='ocrx_word' id='word_1_177' title='bbox 460 2092 583 2158; x_wconf 85' lang='lat' dir='ltr'>haereat,</span> <span class='ocrx_word' id='word_1_178' title='bbox 595 2109 664 2146; x_wconf 89' lang='lat' dir='ltr'>anne</span> <span class='ocrx_word' id='word_1_179' title='bbox 809 2094 860 2148; x_wconf 81' lang='grc'>345</span> <span class='ocrx_word' id='word_1_180' title='bbox 934 2130 937 2135; x_wconf 88' lang='grc'><strong>-</strong></span> 
     </span>
     <span class='ocr_line' id='line_1_30' title="bbox 62 2160 937 2226; baseline 0 -9"><span class='ocrx_word' id='word_1_181' title='bbox 62 2163 188 2225; x_wconf 76' lang='lat' dir='ltr'>Pendeat</span> <span class='ocrx_word' id='word_1_182' title='bbox 197 2162 331 2214; x_wconf 85' lang='lat' dir='ltr'>instabilis</span> <span class='ocrx_word' id='word_1_183' title='bbox 340 2160 493 2226; x_wconf 88' lang='lat' dir='ltr'>telln;cur</span> <span class='ocrx_word' id='word_1_184' title='bbox 503 2162 615 2215; x_wconf 83' lang='lat' dir='ltr'>loedere</span> <span class='ocrx_word' id='word_1_185' title='bbox 627 2169 703 2216; x_wconf 89' lang='lat' dir='ltr'>certo</span> <span class='ocrx_word' id='word_1_186' title='bbox 934 2176 937 2183; x_wconf 91' lang='grc'><strong>’</strong></span> 
     </span>
     <span class='ocr_line' id='line_1_31' title="bbox 62 2229 764 2301; baseline 0.001 -16"><span class='ocrx_word' id='word_1_187' title='bbox 62 2234 145 2285; x_wconf 86' lang='lat' dir='ltr'>Hunc</span> <span class='ocrx_word' id='word_1_188' title='bbox 157 2232 245 2284; x_wconf 83' lang='lat' dir='ltr'>allusu</span> <span class='ocrx_word' id='word_1_189' title='bbox 253 2231 364 2300; x_wconf 86' lang='lat' dir='ltr'>globum</span> <span class='ocrx_word' id='word_1_190' title='bbox 376 2229 483 2299; x_wconf 74' lang='lat' dir='ltr'>Tethys</span> <span class='ocrx_word' id='word_1_191' title='bbox 496 2232 666 2301; x_wconf 76' lang='lat' dir='ltr'>circumliget</span> <span class='ocrx_word' id='word_1_192' title='bbox 675 2230 764 2297; x_wconf 83' lang='lat' dir='ltr'>undis,</span> 
     </span>
     <span class='ocr_line' id='line_1_32' title="bbox 63 2300 780 2371; baseline -0.003 -16"><span class='ocrx_word' id='word_1_193' title='bbox 63 2302 194 2365; x_wconf 82' lang='lat' dir='ltr'>Noverat,</span> <span class='ocrx_word' id='word_1_194' title='bbox 207 2307 289 2369; x_wconf 86' lang='lat' dir='ltr'>atque</span> <span class='ocrx_word' id='word_1_195' title='bbox 299 2316 355 2352; x_wconf 87' lang='lat' dir='ltr'>una</span> <span class='ocrx_word' id='word_1_196' title='bbox 364 2300 456 2371; x_wconf 83' lang='lat' dir='ltr'>pelagi</span> <span class='ocrx_word' id='word_1_197' title='bbox 465 2302 546 2354; x_wconf 90' lang='lat' dir='ltr'>lunae</span> <span class='ocrx_word' id='word_1_198' title='bbox 565 2317 600 2354; x_wconf 92' lang='lat' dir='ltr'>ue</span> <span class='ocrx_word' id='word_1_199' title='bbox 611 2301 729 2365; x_wconf 86' lang='lat' dir='ltr'>labores,</span> <span class='ocrx_word' id='word_1_200' title='bbox 777 2342 780 2347; x_wconf 62' lang='grc'><strong><em>,</em></strong></span> 
     </span>
    </p>

    <p class='ocr_par' dir='ltr' id='par_1_18' title="bbox 63 2318 739 2439">
     <span class='ocr_line' id='line_1_33' title="bbox 63 2318 739 2439; baseline -0.001 -15"><span class='ocrx_word' id='word_1_201' title='bbox 63 2374 101 2424; x_wconf 66' lang='lat' dir='ltr'>lit</span> <span class='ocrx_word' id='word_1_202' title='bbox 111 2379 191 2439; x_wconf 77' lang='lat' dir='ltr'>pater</span> <span class='ocrx_word' id='word_1_203' title='bbox 202 2371 329 2422; x_wconf 83' lang='lat' dir='ltr'>Oceanus</span> <span class='ocrx_word' id='word_1_204' title='bbox 340 2386 393 2439; x_wconf 90' lang='lat' dir='ltr'>qua</span> <span class='ocrx_word' id='word_1_205' title='bbox 403 2368 465 2439; x_wconf 83' lang='lat' dir='ltr'>lege</span> <span class='ocrx_word' id='word_1_206' title='bbox 476 2318 629 2423; x_wconf 44' lang='lat' dir='ltr'>effunderet</span> <span class='ocrx_word' id='word_1_207' title='bbox 638 2376 739 2424; x_wconf 81' lang='lat' dir='ltr'>aestus.</span> 
     </span>
    </p>

    <p class='ocr_par' dir='ltr' id='par_1_19' title="bbox 61 2439 865 2633">
     <span class='ocr_line' id='line_1_34' title="bbox 62 2439 859 2513; baseline -0.001 -19"><span class='ocrx_word' id='word_1_208' title='bbox 62 2441 124 2494; x_wconf 87' lang='lat' dir='ltr'>Non</span> <span class='ocrx_word' id='word_1_209' title='bbox 136 2441 211 2493; x_wconf 89' lang='lat' dir='ltr'>illurn</span> <span class='ocrx_word' id='word_1_210' title='bbox 221 2439 315 2491; x_wconf 88' lang='lat' dir='ltr'>mundi</span> <span class='ocrx_word' id='word_1_211' title='bbox 325 2454 483 2492; x_wconf 87' lang='lat' dir='ltr'>numerasse</span> <span class='ocrx_word' id='word_1_212' title='bbox 494 2441 603 2510; x_wconf 84' lang='lat' dir='ltr'>capacis</span> <span class='ocrx_word' id='word_1_213' title='bbox 615 2454 712 2493; x_wconf 74' lang='lat' dir='ltr'>areum</span> <span class='ocrx_word' id='word_1_214' title='bbox 730 2470 733 2475; x_wconf 87' lang='lat'>.</span> <span class='ocrx_word' id='word_1_215' title='bbox 807 2439 859 2513; x_wconf 76' lang='grc'>330</span> 
     </span>
     <span class='ocr_line' id='line_1_35' title="bbox 61 2509 865 2578; baseline 0 -16"><span class='ocrx_word' id='word_1_216' title='bbox 61 2513 123 2563; x_wconf 87' lang='lat' dir='ltr'>Una</span> <span class='ocrx_word' id='word_1_217' title='bbox 133 2511 331 2577; x_wconf 84' lang='lat' dir='ltr'>fides3puppes</span> <span class='ocrx_word' id='word_1_218' title='bbox 340 2509 424 2562; x_wconf 87' lang='lat' dir='ltr'>etiam</span> <span class='ocrx_word' id='word_1_219' title='bbox 436 2515 646 2578; x_wconf 86' lang='lat' dir='ltr'>constructaque</span> <span class='ocrx_word' id='word_1_220' title='bbox 656 2524 725 2562; x_wconf 83' lang='lat' dir='ltr'>saxa</span> <span class='ocrx_word' id='word_1_221' title='bbox 833 2514 838 2523; x_wconf 84' lang='grc'><em>“</em></span> <span class='ocrx_word' id='word_1_222' title='bbox 863 2530 865 2537; x_wconf 66' lang='grc'><em>’</em></span> 
     </span>
     <span class='ocr_line' id='line_1_36' title="bbox 62 2574 738 2633; baseline -0.001 0"><span class='ocrx_word' id='word_1_223' title='bbox 62 2574 193 2633; x_wconf 71' lang='lat' dir='ltr'>Feminea</span> <span class='ocrx_word' id='word_1_224' title='bbox 202 2581 319 2631; x_wconf 84' lang='lat' dir='ltr'>traxisse</span> <span class='ocrx_word' id='word_1_225' title='bbox 329 2577 422 2631; x_wconf 84' lang='lat' dir='ltr'>lerunt</span> <span class='ocrx_word' id='word_1_226' title='bbox 431 2585 528 2632; x_wconf 89' lang='lat' dir='ltr'>contro</span> <span class='ocrx_word' id='word_1_227' title='bbox 536 2580 623 2632; x_wconf 85' lang='lat' dir='ltr'>ardua</span> <span class='ocrx_word' id='word_1_228' title='bbox 633 2579 738 2632; x_wconf 83' lang='lat' dir='ltr'>dextra.</span> 
     </span>
    </p>
   </div>
   <div class='ocr_carea' id='block_1_4' title="bbox 62 2647 884 2739">
    <p class='ocr_par' dir='ltr' id='par_1_20' title="bbox 62 2647 884 2739">
     <span class='ocr_line' id='line_1_37' title="bbox 62 2647 884 2739; baseline 0.002 -35"><span class='ocrx_word' id='word_1_229' title='bbox 62 2647 439 2706; x_wconf 72' lang='lat' dir='ltr'>iliadumltultlnductorem</span> <span class='ocrx_word' id='word_1_230' title='bbox 447 2648 799 2721; x_wconf 61' lang='lat' dir='ltr'>astu&#39;l&#39;eucrospuelatigab</span> <span class='ocrx_word' id='word_1_231' title='bbox 879 2734 884 2739; x_wconf 19' lang='grc' dir='ltr'>ι</span> 
     </span>
    </p>
   </div>
   <div class='ocr_carea' id='block_1_5' title="bbox 0 0 958 3308">
    <p class='ocr_par' dir='ltr' id='par_1_21' title="bbox 0 0 958 3308">
     <span class='ocr_line' id='line_1_38' title="bbox 0 0 958 3308; baseline 0 2"><span class='ocrx_word' id='word_1_232' title='bbox 0 0 958 3308; x_wconf 95' lang='lat' dir='ltr'> </span> 
     </span>
    </p>
   </div>
  </div>
 </body>
</html>
