1906 3308
10 39 69 113 ξ’
186 107 652 164 rouroooomummu.
730 111 780 160 sne

52 232 167 301 Agmina
176 229 324 296 sanguinea
333 226 440 278 nibrant
449 228 475 278 in
487 226 577 278 nubila
587 227 652 295 luce,

53 303 116 352 Stat
127 301 219 350 fucare
231 299 305 349 colus
316 312 366 348 nec
377 297 476 346 Sidone
486 297 564 346 vilior
574 299 675 357 Ancon,

53 371 159 422 bluriee
168 382 219 418 nec
229 366 349 432 Lybico=
361 371 469 431 statque
480 363 635 416 humectato
644 367 767 418 Vomano

55 437 174 496 Hadria,
185 441 212 486 et
222 435 368 485 inclemens
378 431 474 483 hirsuti
486 435 597 502 signifer
607 434 686 485 Ascli.
791 433 841 485 440
933 453 939 464 c

54 508 118 559 lloc
128 505 223 566 l’ieus,
233 503 368 571 quondam
377 514 475 552 nomen
485 502 650 553 demorabile
660 503 693 554 ab
705 502 760 554 ulto

56 574 189 635 Saturno,
198 574 294 631 statuit
303 571 424 639 genitor,
437 584 515 636 quem
529 573 646 622 carmine
658 573 734 624 Circe

55 644 174 696 Exutum
184 640 289 692 formae
299 640 414 690 volitare
426 653 475 704 per
484 637 707 701 aetheraiussit„

55 712 92 763 Et
101 712 200 777 sparsit
209 710 306 776 plumis
315 722 443 758 croceum
454 706 582 774 fugientis
591 705 733 759 honorem.

54 782 123 832 Ante
134 781 176 842 (ut
186 778 261 829 lama
270 777 365 840 docet)
374 776 453 826 tellus
465 791 591 841 possessa
601 777 732 844 Pelasgis,
792 777 843 826 445

58 851 125 910 Quis
135 848 211 898 Aesis
221 849 351 913 regnator
362 849 434 905 erat,
444 843 579 911 fluviwue
589 846 699 912 reliquit

57 917 175 978 Nomen,
186 921 242 966 eta
252 928 312 965 sese
323 912 439 980 populos
451 917 509 962 tum
520 913 588 964 dixit
597 915 692 964 Asilos.
720 955 724 959 .

57 985 112 1037 Sed
123 1000 177 1035 non
187 983 321 1036 ruricolae
333 983 476 1032 firmarunt
484 980 584 1032 robore
595 988 688 1033 castra
710 1017 713 1021 -

56 1054 214 1115 Deteriore‚
226 1054 298 1103 cavis
308 1052 447 1102 venientes
457 1051 608 1112 montibus,
619 1050 721 1102 Umbri.

57 1124 118 1175 llos
128 1123 203 1172 desis
216 1120 346 1188 Sapisque
355 1120 460 1182 lavent,
472 1119 634 1191 rapidosque
644 1121 751 1172 sonanti
794 1120 845 1170 450

10 1198 13 1205 '
57 1192 168 1246 Vertice
179 1197 361 1256 contorquens
370 1189 456 1239 undas
468 1203 518 1255 per
527 1202 594 1238 saxa
603 1189 755 1251 Metaurus,

56 1262 94 1312 Et
102 1261 176 1311 lavat
184 1261 321 1326 ingentem
331 1256 496 1324 perfundens
505 1255 613 1307 flumine
623 1272 702 1308 sacro

58 1330 206 1380 Clitumnus
217 1332 338 1386 taurum,
348 1323 459 1390 Narque
471 1323 669 1375 albescentibus
678 1325 758 1376 undis

57 1388 792 1461 ln'l'bybrimproperans,Tiniaequeingloriusbumor‚

58 1467 95 1518 Et
106 1465 204 1526 Clanis,
215 1469 243 1513 et
253 1461 366 1523 Rubico,
394 1459 700 1512 tSenonumdenomine
710 1459 847 1513 Seou‘lbb

58 1532 113 1586 Sed
125 1538 203 1599 pater
212 1532 314 1599 ingenti
324 1474 556 1603 machathaeum
565 1544 643 1580 amne

58 1602 161 1664 Albula,
173 1607 201 1652 et
211 1601 321 1652 admota
336 1601 493 1666 perstringit
502 1599 684 1666 moenioripa.

58 1671 201 1724 Hisurbes
211 1671 294 1732 Arna,
307 1676 334 1720 et
343 1668 558 1734 laetis-Mevania
567 1670 660 1735 pratis,

59 1741 222 1808 Hispellum,
233 1745 261 1791 et
272 1739 340 1790 duro
351 1740 437 1805 monti
449 1753 497 1805 por
507 1753 576 1789 saxa
586 1737 745 1790 recumbens

45 1807 173 1871 Narnia,
183 1816 212 1860 et
220 1808 347 1861 infestum
357 1807 462 1859 nebulis
472 1806 644 1871 humentibus
654 1807 719 1859 olim
798 1807 847 1858 too

58 1878 192 1944 Iguvium,
223 1876 745 1945 atuloqueiacenssinemoeuibusarro

58 1943 194 2013 Fulginiae
203 1892 246 1995 his
256 1946 349 2011 populi
358 1946 445 1997 fortes
455 1947 609 2009 Amerinus,
620 1952 648 1997 et
659 1947 741 1999 armis

58 2013 110 2066 Vel
122 2014 216 2062 rastris
226 2011 361 2063 laudande
372 2014 497 2075 Camers,
508 2013 550 2064 his
561 2013 671 2065 Sassina
681 2016 758 2066 (lires

59 2080 168 2141 Lectis,
180 2085 208 2130 et
216 2077 289 2128 houd
299 2081 374 2144 parci
384 2081 502 2130 Martem
513 2081 628 2134 coluisse
639 2083 783 2134 Tudertes.

59 2149 166 2202 Ductor
177 2148 240 2199 Piso
250 2148 323 2199 viros
333 2161 479 2213 spernaces
489 2149 585 2199 mortis
596 2149 695 2216 egebat
796 2149 847 2199 465

60 2219 117 2271 Ora
126 2212 206 2284 pue'r,
218 2213 383 2284 pulcherque
391 2214 528 2267 habitum:
539 2217 588 2268 sed
600 2219 682 2269 eorde
694 2219 788 2287 sagaci

58 2285 200 2355 Aequobat
209 2286 326 2347 senium,
338 2290 419 2352 atque
432 2290 494 2336 estu
505 2293 682 2352 superaverat
694 2302 788 2338 annos.

59 2357 87 2408 ls
96 2356 211 2423 primum
222 2359 284 2404 ante
296 2354 381 2404 aciem
392 2355 471 2421 pictis
482 2354 640 2407 rediobetin
651 2358 745 2421 aroris3

60 2423 216 2477 Arsacidum
228 2427 256 2473 ot
266 2422 339 2474 fulvo
349 2423 433 2474 micat
442 2425 523 2491 ignes
532 2439 639 2491 gcmmo
648 2424 749 2480 monili.

60 2492 170 2559 lemque
181 2506 230 2559 per
240 2492 371 2543 Etruscos
379 2491 452 2560 leglo
465 2493 605 2561 completa
612 2495 757 2560 mammos
812 2491 871 2537 ‘m

60 2558 204 2613 Rectorem
213 2574 311 2629 magno
321 2563 471 2631 spectabat
481 2567 599 2621 nomine
610 2562 750 2616 omnam.

52 2628 221 2695 liudegerus
227 2630 345 2725 orditur
349 2635 465 2706 Minos,
475 2639 636 2711 invisaque
643 2640 738 2690 tauro
