1906 3308
10 39 18 133 ,
64 40 70 55 ι

187 112 190 117 ’
228 123 639 178 ΡυΝιοοιωΜιιΒ.Χ.
701 177 703 180 Α
747 128 798 179 ros

69 243 225 310 occumbit3
237 244 381 313 fratrisque
393 244 468 296 videt
474 244 594 296 labentia
605 246 726 298 membra

68 316 238 378 Quercentis,
250 329 327 382 quem
338 315 526 380 fundaprocul
537 317 672 379 perinane
684 316 777 369 voluta
854 330 857 344 ¹

67 384 203 449 sopierat,
215 384 278 434 dum
287 398 441 449 supremam
452 383 594 434 Telesinus
603 385 632 434 in
644 399 724 437 auras

65 450 184 504 Exhalat
192 451 288 514 lucem,
299 458 328 503 et
338 452 489 503 dubitantia
497 450 599 502 lumina
608 454 709 504 condit.

47 582 49 587 y
64 523 100 571 ut
109 517 197 571 fessus
206 519 330 572 maerore
341 520 429 583 simul,
440 534 582 587 cursuque,
593 527 730 590 metuque,
771 556 784 577 ,κ
804 522 855 574 155

66 589 103 640 nt
113 587 283 640 tamenhaud
293 591 351 640 irae
360 604 472 651 vacuus,
483 604 536 641 non
548 595 623 640 certa
633 605 682 656 per
693 606 796 660 aequor
881 620 884 635 ι

64 657 203 709 Interdum
212 660 339 723 insistens
349 658 495 709 Perusinus
507 659 628 709 membra
638 657 757 724 ferebat3

64 725 146 814 Hune
161 726 242 789 sude,
263 731 466 794 quam‘raptam
483 726 581 794 Libyci
596 742 646 793 per
661 730 740 797 terga
756 730 795 783 is·
874 768 877 773 .
928 699 930 707 Ι

61 827 187 932 Αέέιῖετ
197 837 334 915 obtulerat
343 866 466 927 monstri,
477 801 678 932 mplfllffuna
688 867 772 919 lixum

63 935 225 995 Obtruncat,
238 947 392 1001 quercuque
403 935 502 1000 premit
510 933 644 985 violentus
656 936 763 988 obusta.
803 937 853 990 dte

62 1004 197 1054 Tentarat
207 1003 335 1069 precibus
345 1016 455 1054 saevum
466 1002 550 1054 lenire
562 1001 692 1067 furor-em,

62 1071 117 1123 Sed
129 1069 240 1139 Stygius
251 1073 353 1139 primos
362 1071 483 1138 implevit
493 1070 584 1122 fervor
593 1070 694 1137 hiatus,

61 1139 98 1191 Et
108 1141 234 1207 pulmone
245 1146 324 1192 tenus
334 1141 442 1192 demisit
452 1138 586 1192 anhelitus
593 1138 693 1208 ignem.

23 1225 26 1229 ·
61 1209 185 1260 Tandem
197 1225 257 1261 cum
267 1214 328 1260 toto
340 1210 439 1260 cecidit
447 1224 541 1277 grege,
550 1224 649 1260 nomen
658 1210 792 1264 inUrnbro

61 1275 179 1339 Clarum,
192 1278 289 1339 Crista,
299 1277 345 1326 diu
354 1277 463 1342 populo.
501 1280 557 1327 Ceu
566 1277 677 1328 fulmine
688 1280 762 1331 colse
800 1281 851 1333 1⁶5

60 1345 199 1407 Aesculus,
211 1350 265 1408 aut,
277 1346 386 1412 proavis
393 1345 426 1394 ab
433 1344 537 1411 origine
548 1346 667 1412 cognita,
677 1362 792 1413 quercus

61 1416 128 1464 Cum
139 1413 227 1464 mmet
236 1427 367 1480 percussa
376 1413 444 1475 lori,
454 1427 601 1478 sacrosque
609 1427 659 1478 per
670 1429 766 1467 aevum

59 1481 194 1534 Aetherea
205 1497 296 1533 ramos
306 1481 470 1548 populantur
480 1480 582 1532 sulfure
592 1480 731 1535 flammant

58 1551 156 1603 Donec
166 1553 239 1602 ricta
249 1551 310 1602 Deo
320 1551 375 1602 late
388 1549 551 1617 procumbit,
562 1556 590 1601 et
601 1564 709 1613 omnem

59 1621 202 1674 Collabens
215 1622 305 1687 operit
313 1621 435 1688 spatioeo
447 1621 541 1692 stipite
551 1618 665 1685 prolem'.
799 1625 850 1676 170

57 1691 92 1741 nt
129 1689 145 1743 'e
156 1705 189 1743 ea
200 1690 263 1741 durn
272 1692 350 1742 iuxta
362 1690 464 1756 Tyrius
475 1696 573 1757 stagna
583 1688 680 1741 Aulida
691 1687 789 1743 ductor
814 1734 827 1761 „

56 1759 104 1811 Mo
115 1762 178 1823 itur,
188 1759 308 1824 Paullus,
318 1772 464 1811 numerose
473 1758 558 1810 caede
569 1757 688 1810 futuram
769 1808 772 1813 ,

57 1828 134 1879 Ultus
144 1831 199 1879 iam
208 1834 333 1892 mortem,
345 1844 397 1880 ceu
405 1829 494 1879 victor
502 1827 575 1879 bella
584 1828 699 1897 gerebat

56 1897 131 1948 luter
140 1897 212 1947 mille
223 1899 305 1948 viros.
331 1898 408 1950 lacet
417 1898 512 1972 ingens
523 1895 648 1964 Phorcys
660 1897 694 1949 ab
706 1900 790 1951 antris
856 1946 858 1950 .

57 1963 210 2016 Herculeae
222 1965 328 2029 Calpes,
339 1965 461 2031 caelatus
474 1965 603 2033 Gorgone
614 1981 746 2032 parmam,
798 1967 848 2018 lid

56 2030 134 2084 Unde
144 2044 228 2098 genus
239 2028 363 2098 tlistique
374 2033 451 2084 Deae
461 2034 589 2084 manabat
599 2035 685 2101 origo.

56 2100 129 2151 Hinc
141 2099 323 2150 obiectantem
333 2114 393 2150 sese
405 2105 486 2166 atque
497 2102 608 2167 antiqua
617 2106 766 2155 tumentem
871 2169 874 2174 Ι

56 2169 174 2222 Nomina
184 2168 313 2218 saxificae
323 2174 480 2219 monstrosa
491 2184 506 2220 e
518 2170 603 2235 stirpe
612 2169 753 2234 Medusae,

55 2239 129 2291 Dum
138 2237 244 2288 laevum
256 2239 325 2303 petit
335 2237 493 2288 incumbens
502 2237 646 2288 violentius
656 2238 765 2306 inguen,

55 2305 193 2368 Detrahit,
205 2306 306 2356 excelsi
316 2312 471 2373 correptum
482 2308 584 2357 vertice
595 2307 666 2368 coni,
707 2319 724 2329 ··
798 2310 848 2361 180
944 2382 946 2387 Ι

56 2376 245 2442 Afflictumque
254 2389 388 2441 premens,
399 2381 477 2444 tergo
489 2390 543 2443 qun
552 2374 658 2426 balteus
668 2376 723 2428 imo

56 2444 195 2506 Sinuatur,
208 2457 330 2512 coxaque
341 2444 419 2496 sedet
429 2447 565 2497 munimen
575 2448 699 2512 utraque,
730 2508 733 2513 ι

56 2516 187 2566 Coniecto
198 2513 267 2564 fodit
278 2528 343 2565 ense
353 2529 448 2582 super:
458 2514 601 2568 vomitille
611 2515 755 2567 cubentmn

52 2581 196 2646 Sanguinis
207 2582 350 2638 effirndens
361 2601 412 2655 per
423 2583 536 2641 hiantia
542 2585 780 2643 usnemu-«nux,

39 2647 285 2761 munbitdetoff
294 2657 462 2717 Atlanticus
475 2660 737 2726 accolaesmpom
764 2666 787 2713 n

850 2629 913 2703 nub
