1906 3308
45 130 49 142 =
85 86 166 152 Hs
196 74 448 168 Punicorum
475 80 556 166 ms.
583 112 646 166 xu.
741 113 793 165 rur

55 233 400 301 induitur‚N0nradumque
411 234 486 286 iubet
496 248 673 301 prorumpere
680 238 792 284 turmas.

55 306 131 367 lnde,
142 304 209 355 levis
221 303 313 365 frenis,
327 305 428 355 circum
438 305 590 370 pavitantia
601 303 689 353 fertur

56 373 286 439 quadrupedante
297 388 365 424 sono
376 374 518 440 perculsae
527 373 635 423 moenia
645 373 758 423 Romae.
837 372 842 379 '

55 435 134 494 Nunc
146 443 235 493 aditus
244 442 352 505 lustrat,
363 443 552 497 clausasnunc
563 441 674 512 cuspide
685 441 776 508 pulsat
801 439 851 491 565

54 511 159 562 Infesta
169 517 272 578 portas,
282 511 433 578 fruiturque
443 513 542 562 timore
552 516 707 577 parentum.
723 551 726 555 .

54 579 143 642 Nunc,
153 581 241 632 lentus
254 581 333 632 celsis
344 586 437 632 astans
446 581 474 631 in
486 580 607 643 collibus,
618 581 703 632 intrat

54 649 155 701 Urbem
166 651 260 712 oeulis,
267 650 399 718 discitque
409 650 495 712 loeus,
502 664 652 716 causasque
661 648 793 700 locorum.

14 751 15 754 =
52 720 92 773 Ac
101 718 205 786 legeret
214 721 274 770 risu
285 725 392 781 cuneta,
403 725 432 770 et
442 720 599 786 penetraret
609 720 638 769 in
648 732 742 770 omnes

53 788 210 856 spectando
221 793 322 854 partes,
330 789 360 838 'nl
371 802 470 856 magno
482 789 588 840 turbine
600 788 709 840 adesset
804 786 854 838 5¹1⁰

52 858 172 919 Fulvius,
183 855 256 907 haud
266 861 327 907 tota
337 858 447 922 Capuae
457 857 597 908 obsidione
608 857 713 909 relicta.
763 907 792 921 ,.
915 869 919 879 ’

54 929 127 979 Tum
138 926 249 977 demum
258 927 356 976 eastris
367 925 586 978 turmusinllexit
596 932 721 991 orantes,

55 996 197 1063 Spectata,
208 995 317 1057 ductor,
327 996 443 1046 satiatus
453 986 570 1062 pectora*
578 992 674 1046 Roma.

54 1068 152 1133 Atque,
163 1065 210 1116 ubi
220 1079 276 1116 nox
287 1064 401 1131 depulsa
410 1065 484 1131 pole,
495 1065 637 1135 primaque
648 1064 770 1116 rubescit

55 1135 198 1202 Lampade
209 1133 360 1200 Neptunus,
371 1140 537 1202 revocatque
549 1136 655 1186 Aurora
663 1134 781 1197 labores,
804 1131 854 1183 575
919 1160 924 1167 ,

55 1204 179 1256 Effundit
189 1209 270 1269 rupto
283 1204 437 1270 persultans
449 1205 558 1271 agmina
567 1204 649 1268 vallo,

55 1275 93 1325 Et
103 1279 234 1341 quantum
245 1272 363 1323 clamare
372 1272 454 1333 valet,
464 1274 518 1323 Per
528 1273 643 1339 plurimu
651 1276 755 1336 nostre&

56 1343 80 1393 0
91 1343 168 1400 socii,
179 1340 281 1391 deeora
292 1346 323 1406 et
331 1355 424 1391 sacras
434 1342 462 1391 in
473 1342 604 1408 sunguine
614 1341 735 1404 dextras,

56 1411 143 1464 Vobis
153 1411 191 1460 ite
201 1423 291 1477 pares,
303 1415 331 1460 et
339 1415 446 1460 tantum
457 1409 556 1461 audete
566 1411 615 1462 sub
628 1411 718 1472 armis,

58 1481 195 1543 Quantum
205 1479 293 1531 Roma
302 1480 389 1532 timet.
414 1479 554 1549 Reliquam
566 1478 636 1600 Ιίαιιο
648 1476 857 1599 exseinrlite.58⁰

527 1564 642 1615 muem3

56 1616 110 1680 Nil,
122 1615 195 1685 qnod
205 1618 329 1682 vineatis,
342 1622 403 1670 toto
415 1616 531 1670 restabit
540 1620 568 1669 in
578 1619 654 1671 orbe.

56 1687 118 1740 Neu
128 1686 222 1755 populi
231 1701 280 1739 ros
291 1689 463 1756 Martigenae
473 1688 590 1740 tardarit
601 1690 694 1757 orig03
734 1689 739 1697 '

58 1758 191 1810 intratum
202 1755 340 1809 Senonum
351 1759 466 1824 capietis
475 1758 592 1810 millibus
601 1758 707 1820 urbem,
751 1768 753 1772 ⁴

58 1828 254 1895 Assuetamque
265 1828 334 1894 napi.
355 1829 486 1880 Fortasse
497 1827 633 1879 curulibus
642 1828 715 1890 altis,

58 1897 117 1947 lam
126 1911 184 1958 vor,
196 1897 320 1963 exemplo
331 1911 504 1967 proavorum,
516 1898 551 1949 nd
561 1898 651 1950 nobile
661 1898 746 1949 letum
806 1893 866 1946 585*

60 1965 229 2030 Exspectant
239 1963 273 2015 de
284 1980 361 2016 more
373 1981 460 2029 senes,
470 1968 754 2034 mortique'parnntur.

46 2087 48 2091 ¹
60 2031 174 2082 Talibus
184 2029 246 2083 hine
255 2032 378 2085 Poenus:
396 2034 445 2085 sed
457 2040 553 2095 eontra
563 2036 695 2086 oenotria
703 2034 789 2102 pubes

60 2098 122 2152 Non
132 2100 200 2151 ullas
210 2115 293 2151 voces
304 2101 380 2153 ducis
392 2108 440 2153 sut
449 2111 599 2170 praecepta
608 2104 728 2171 requirit.
754 2128 757 2139 ·

61 2169 112 2232 Sat
120 2174 222 2220 matres
232 2169 381 2234 stimulant,
391 2173 512 2238 iratique,
525 2176 552 2224 et
563 2186 628 2223 eara
637 2171 748 2239 supinas

61 2238 233 2301 Tendeptum
242 2237 345 2304 palmas
355 2240 578 2309 lacrimantiaque
588 2255 637 2292 ors
646 2245 797 2309 parentum.
808 2238 859 2292 59⁰

61 2311 209 2361 ostentant
220 2323 328 2374 parvos,
338 2311 486 2381 vagituque
496 2309 582 2363 incita
592 2310 701 2377 pulsant
823 2310 828 2317 ’

61 2379 152 2432 Corda
163 2379 259 2441 urbm,
271 2381 382 2432 armatis
392 2380 511 2449 infigunt
521 2381 615 2432 oscula
627 2379 738 2432 dextris.
805 2382 809 2390 ‘

47 2451 103 2515 ⁸lre
114 2448 217 2512 volunt,
229 2452 258 2499 et
268 2463 318 2515 pre
328 2451 562 2518 murisopponere
575 2450 653 2502 densi

59 2518 193 2582 Pectora,
216 2523 427 2588 respectantque
443 2534 520 2582 suos,
542 2517 689 2589 fletumque
705 2530 794 2585 resor-

345 2606 349 2611 ·
530 2589 611 2642 bent.
667 2586 671 2596 “

58 2657 94 2706 Ut
103 2656 293 2725 serolmpulso
303 2618 468 2729 patefactae
478 2659 728 2731 esruneportms
831 2639 897 2742 'S'

79 2720 202 2777 Srurus
223 2728 323 2821 lustu.
694 2726 731 2778 Y*
