1906 3308
134 103 387 197 ruurc'oaurr
414 77 494 191 nra.
518 113 554 173 x.
652 100 716 179 201'

44 263 117 303 rxere
128 246 236 316 gradus.
272 246 308 297 Ut
318 243 406 297 laetus
417 243 485 298 valle
495 252 602 299 remota

54 333 179 385 capream
188 322 302 367 venator
312 316 377 382 agit,
388 315 540 387 teneamque
551 317 703 384 propinquo

45 389 127 454 luitur
138 394 226 449 cursu‘,
239 392 267 436 et
277 391 370 451 sperat
379 384 433 435 iam
444 390 557 452 tangere
568 386 674 449 dextra,
728 384 764 439 2⁰
814 429 817 433 .

45 471 89 507 rua
98 455 212 508 adverso
224 454 342 506 subitum
353 468 383 504 re
394 453 508 519 protulit
519 460 608 518 antro,

45 525 99 591 etit
108 529 170 577 ante
181 523 276 576 oculos
287 521 414 573 frendens
424 522 478 586 leo,
488 522 589 576 decerit
599 536 654 577 una

45 593 105 658 alar,
115 599 144 663 et
153 593 277 662 sanguis,
289 595 317 643 ct
327 590 383 642 tela
393 592 500 643 minora
510 593 626 660 pericla:

45 664 95 715 iarn
105 668 231 732 speratae
243 675 308 712 cura
320 665 362 712 est
372 661 400 713 in
409 667 522 729 pectore
533 662 660 728 praedae.

45 733 88 784 :in
98 736 233 784 restantes
242 744 401 782 mucronem
411 732 562 782 comminus
570 737 659 799 urget,
729 728 764 780 25

45 799 182 867 rtrepidca
194 813 227 851 ac
237 805 317 866 terga
326 799 399 850 mala
407 799 552 853 formidine
563 814 658 853 verena

45 871 128 936 luitur
138 867 209 920 telin.
244 868 356 930 Furere,
368 883 401 920 ac
411 869 542 922 decorare
553 869 672 935 iabores,

45 939 122 990 crire
132 939 224 988 iuratr
236 934 310 988 cadit
319 937 414 1004 ingens
423 939 539 993 nominis
551 953 649 1006 erpere

45 1007 113 1059 urba
121 1008 194 1059 vira:
207 1013 287 1079 atque
298 1005 368 1058 alter
376 1007 401 1058 ei
411 1007 491 1058 detur
499 1009 528 1058 in
538 1009 620 1060 urmie

46 1093 79 1130 ua
89 1077 247 1139 Dardaniis,
258 1076 386 1128 amittant
394 1077 505 1128 nomina
515 1077 633 1130 cannae.
729 1072 763 1126 3⁰

46 1161 93 1198 ‚em
103 1145 233 1198 inclinato
244 1160 331 1195 cornu
341 1147 400 1197 eine
409 1159 486 1197 mere
496 1145 594 1197 ruebat

46 1211 412 1279 anciennanparcafugae.
434 1213 574 1267 Labienus
584 1217 613 1265 et
623 1211 702 1264 Ocrie

46 1288 132 1333 rantur
140 1281 196 1332 leta
208 1285 289 1345 atque
302 1277 411 1344 Opiter,
423 1295 491 1347 quar
502 1278 578 1334 Setia
588 1279 658 1335 celle

46 1363 97 1410 rrc,
107 1347 185 1400 celric
195 1345 347 1400 Labienum
358 1347 552 1414 cingulanae

46 1421 102 1468 unt
110 1417 218 1468 muria.-
237 1415 327 1467 lunxit
337 1414 397 1466 iera
406 1421 531 1484 tempora
539 1415 588 1469 leti
656 1437 662 1466 -ι
727 1414 762 1469 35

46 1487 95 1537 rius
105 1499 161 1537 non
172 1483 304 1538 consimili
314 1484 583 1538 discrinunemileez·
661 1488 664 1498 “

48 1554 186 1607 Labienus
199 1553 257 1610 ubit
267 1559 427 1622 penetrante
437 1568 487 1621 per
496 1554 544 1606 iiia
556 1567 657 1620 cnrnc;

46 1638 89 1687 er,
99 1621 274 1687 hichunrem,
286 1622 419 1687 cecidere,
430 1621 475 1676 hic
480 1623 593 1692 poplite,
605 1623 700 1679 caesia.

48 1695 83 1746 tie
95 1699 124 1746 et
134 1693 221 1760 Tyria
232 1708 314 1762 nuper
323 1693 434 1760 inguina
444 1694 498 1746 fixe
508 1698 605 1747 veruto

49 1778 123 1826 enus,
133 1762 178 1815 cui
187 1762 315 1815 Maeonia
323 1762 571 1828 uenerabileterra,
691 1762 762 1814 Μ

47 1831 493 1900 eptriaolirncelebratumnamen
502 1833 634 1889 uenere

46 1900 137 1953 nedioa
147 1901 245 1968 agian,
256 1901 380 1968 proiecta
389 1900 458 1955 lucie
468 1917 562 1958 amare

47 1967 150 2019 ribalenr
157 1967 285 2030 iurtranr,
296 1967 416 2020 Pauilua.
443 1968 510 2022 Sara
521 1985 576 2022 nna
584 1969 693 2024 ridetur

47 2034 270 2098 raaicceunrbat
279 2035 393 2087 ductore
402 2038 550 2103 superstite
560 2037 664 2091 Poeno.
740 2070 743 2076 -

47 2107 200 2157 ametuene
214 2102 314 2157 molem
328 2103 429 2172 (neque
448 2106 534 2168 eninr,
554 2106 703 2160 certamine
724 2172 761 2227 4⁵

438 2179 540 2237 sunto,
828 2222 830 2228 .

47 2245 132 2309 pestes
142 2245 220 2293 tanta
229 2245 258 2293 et
267 2238 357 2293 rabien
365 2240 475 2308 impune
485 2240 613 2309 inissent)

47 2311 108 2363 riern
119 2310 210 2381 pavidi
222 2309 288 2365 luno
300 2323 432 2363 conversa
440 2309 556 2374 Metelli,

50 2394 144 2442 vanua
154 2379 252 2448 inquit,
263 2378 346 2431 Latin
355 2394 419 2448 epea
428 2380 509 2431 unica
521 2376 630 2441 Consul,

48 2462 162 2516 rumque
172 2461 275 2511 moves,
286 2447 344 2513 iata
354 2454 495 2511 renuente,
504 2445 630 2501 furoreai
688 2468 695 2475 ·

47 2522 132 2584 pereat
143 2516 262 2582 Paullus,
272 2522 380 2570 restant
390 2518 611 2587 iene'iaregnar,
744 2507 792 2555 ’δὴ

47 2601 111 2653 reue,
121 2587 274 2644 Autronium
284 2593 383 2646 tecum
392 2587 500 2644 tranis.
510 2589 567 2643 ire
572 2583 749 2638 tumeam

47 2661 112 2717 aaa
119 2659 267 2737 iuvenem,
277 2667 307 2724 ct
319 2659 486 2741 napatnaa
495 2643 767 2720 anacaienerew
