1906 2940
224 119 274 169 112
419 117 447 166 c.
476 113 580 168 aran
606 114 796 179 rannrcr·

224 236 273 286 cni
284 232 381 285 Siculis
391 233 526 300 quondam
541 234 622 285 terris
637 247 797 300 congressus
812 232 906 285 llamll
930 258 931 261 ¹

224 304 332 354 Clarum
343 305 466 369 spectato
478 300 591 352 dederat
600 301 746 353 certamine
758 296 865 353 nomen.

222 373 368 423 lmmemor
378 383 517 432 annorum,
527 370 684 437 seniumque
694 367 805 431 oblitus,
811 370 839 419 in
850 383 927 420 arma

224 441 272 491 llle
285 438 392 507 quidem
400 437 486 487 cruda
497 442 587 488 niente
598 442 626 488 et
635 436 812 488 viridissimas
821 438 879 489 irae

165 508 216 560 bib
225 508 299 571 lbat;
310 506 359 557 sed
368 506 430 555 rani
441 504 585 572 frigentem
594 506 622 556 in
632 505 722 556 Marte
731 510 872 557 senectam

224 575 382 628 Prodebant
390 573 474 625 ictust
486 573 586 640 stipula
596 572 750 640 crepitabat
758 574 834 625 inani

224 645 298 713 ignis
313 645 400 704 iners,
418 654 576 718 cassamque
592 640 676 693 dabat
689 642 747 693 sine
763 640 864 694 robore
880 640 944 694 flam

691 722 773 763 marn.

225 781 313 841 Quem
328 782 473 846 postquam
492 778 600 844 accepit
612 779 702 845 patrio
722 783 891 831 monstrante
915 795 947 830 su

580 867 584 873 ·
712 847 793 898 erbus

224 918 364 984 armigero
374 913 497 966 Poenam
506 912 616 976 ductor,
627 863 783 966 carcinias
792 916 896 981 primae

166 984 217 1038 oti
227 980 281 1037 nic
289 985 333 1036 lue
344 997 416 1034 nunc
426 1018 434 1046 ‚
443 982 544 1049 inquit,
555 994 676 1048 pugnae:
687 986 715 1032 te
726 989 807 1032 notas
817 983 938 1035 Hamilc

224 1054 287 1105 Hac
298 1050 383 1103 trahit
393 1050 428 1101 ad
437 1063 531 1100 manes
540 1049 646 1100 dextra.
664 1050 735 1100 Tum
744 1048 827 1101 librat
837 1051 872 1101 ab
883 1066 950 1102 aure

224 1122 387 1189 latorquens
395 1118 527 1180 iaculum,
539 1123 567 1169 et
576 1122 729 1168 versantem
737 1118 766 1168 in
776 1117 888 1170 vulnere
899 1135 953 1172 ses

227 1190 375 1256 Transigit.
393 1188 528 1238 Extracta
535 1185 657 1247 foedarit
666 1187 777 1254 cuspide
787 1188 899 1255 sangrris

228 1259 375 1320 Canitiem,
385 1269 419 1307 ao
428 1255 525 1323 longos
536 1255 621 1306 linivit
630 1260 719 1307 morte
729 1255 846 1308 labores.

170 1327 221 1379 580
232 1326 290 1378 Nec
300 1327 386 1376 minus
391 1324 559 1375 Herminium
569 1325 662 1391 primia
673 1323 817 1375 obtruncat
828 1325 856 1374 ln
868 1329 951 1378 arada

197 1422 200 1427 ·
227 1391 584 1459 desuem'l'hrasymene,
595 1400 658 1443 taos
669 1392 863 1459 praedantibus
872 1391 953 1446 hami

227 1462 379 1515 Exhaurire
388 1462 479 1523 lacus,
490 1462 647 1528 patriaeque
659 1461 787 1512 alimenta
796 1466 926 1515 senectae

227 1533 336 1583 Ducere
346 1544 476 1597 suspenso
488 1544 537 1596 per
548 1535 645 1596 stagna
654 1530 774 1581 iacentia
780 1529 846 1582 lino.

227 1602 336 1652 interea
347 1600 498 1651 exanimem
507 1599 605 1650 maesti
615 1613 697 1666 super
709 1614 784 1650 arrna
792 1597 951 1666 Sychaeum

168 1670 218 1722 585
228 1667 490 1728 Portabant-Poeni,
503 1682 654 1735 corpusque
663 1668 692 1718 in
702 1675 794 1719 eastra
803 1666 939 1722 ferebant.

229 1740 305 1802 (laos
316 1737 362 1788 ubi
372 1736 514 1801 conspexit
523 1737 595 1786 tristi
607 1736 726 1788 clamore
736 1741 847 1805 ruentes

227 1807 349 1867 Ductor,
359 1817 492 1872 praesago
504 1818 648 1868 percussus
658 1805 867 1872 pectoraluctm

230 1875 360 1935 Quinam,
369 1872 469 1940 inquit,
481 1870 572 1934 dolor,
583 1887 599 1924 o
610 1874 820 1943 maimonem
835 1874 878 1924 ira
887 1875 949 1928 Deo

228 2011 337 2078 Eripuit
347 2007 442 2062 nobisi
452 2007 524 2060 Num
533 2013 577 2073 te,
587 2008 728 2062 dulcedine
737 2011 824 2063 laudis

169 2081 219 2132 59⁰
230 2080 404 2148 Flagrantem
414 2083 443 2130 et
451 2079 533 2129 nimio
544 2079 625 2145 primi
635 2079 767 2131 Mavortis
779 2094 881 2143 amore,

227 2151 307 2211 Atra,
317 2146 457 2214 Sychaeo,
469 2147 526 2199 dies
537 2152 685 2214 properato
695 2147 790 2199 funere
802 2150 928 2216 carpsitt

171 2222 175 2229 '
228 2220 317 2285 thue
328 2217 394 2267 dato
405 2216 506 2283 gemitu
516 2215 645 2266 lacrimae
656 2222 796 2268 assemere
807 2215 945 2271 ferentum

228 2287 265 2337 Et
275 2285 363 2336 dietus
375 2285 479 2350 pariter
488 2283 579 2334 caedis
591 2284 775 2336 maerentibus
785 2291 898 2352 auctor3

207 2396 211 2403 .
227 2355 331 2416 Cerno,
342 2354 393 2414 ait,
407 2353 521 2403 adverso
531 2350 671 2418 pulchrum
682 2352 731 2403 sub
742 2358 855 2420 pectore
865 2356 929 2408 vuln

168 2421 218 2472 595
230 2420 353 2487 cuspidis
364 2421 472 2471 lli'acae.
489 2420 594 2486 Dignus
605 2418 781 2489 Carthagine,
792 2422 889 2490 dignus

227 2486 399 2539 lla'idnrbale
410 2488 444 2540 ad
454 2501 547 2538 manes
556 2488 623 2538 ibis:
634 2503 685 2539 nec
695 2493 724 2540 te
736 2491 839 2556 optimo
848 2498 940 2549 mater

228 2557 393 2608 Dissimilem
402 2555 506 2624 lugebit
515 2557 586 2618 avis,
597 2554 727 2622 Stygiare
735 2558 788 2609 sub
799 2560 897 2611 umbra

12 2642 123 2736 ι
217 2624 398 2694 Degenerem
409 2638 526 2681 cernens
533 2629 628 2678 noster
636 2624 734 2676 vitabit
744 2627 893 2715 Hamilcar.
