1906 3308
194 76 445 164 Punicorum
464 111 552 165 ero.
578 96 686 168 xiiis
748 116 800 169 347

65 234 133 286 Cum
143 230 208 283 fletu
221 233 302 295 canit,
313 237 342 282 et
351 237 496 284 veneratur
507 232 581 283 facto
591 234 737 286 iacentum.

62 304 129 354 lnde
140 300 225 353 refert
236 317 295 352 sese
307 303 394 364 Circo,
406 307 434 352 et
446 304 594 352 certamina
606 304 693 368 primo

61 369 186 434 Inchoat,
199 377 227 422 et
237 371 346 437 rapidos
359 386 453 422 cursus
465 373 593 438 proponit
604 386 743 437 equorum.
842 394 844 397 ·

24 500 31 508 p
62 441 192 492 Fluctuat
203 453 340 506 aequoreo
351 438 461 490 fremitu
471 436 599 506 rabieque
611 439 759 505 faventum,
806 439 857 493 315

63 507 224 577 Carceribus
234 509 354 559 nondum
364 509 502 570 reseratis,
514 508 613 558 mobile
622 507 728 576 vulgus,

61 577 150 642 Atque
160 575 234 628 fores
245 577 332 629 oculis
344 583 372 629 et
381 577 475 628 limina
483 582 575 628 servat
587 592 727 644 equorum.

55 644 182 711 lamque,
194 644 241 697 ubi
251 647 358 712 prolato
368 660 485 698 sonuere
497 646 628 712 repagula
638 647 727 713 signo,

60 712 100 764 Et
109 717 169 764 toto
180 715 267 780 primu
277 717 388 766 emicuit
397 716 442 766 rix
453 715 554 782 ungtrla
566 729 660 776 cornu,

62 781 180 832 Tollitur
188 784 217 833 in
227 783 332 834 coelum
344 783 436 834 furiali
445 785 551 835 turbiue
563 782 676 834 clamor.
805 784 857 836 320

60 850 208 918 Prouique,
220 867 252 902 uo
263 853 363 903 similes
375 853 551 916 certantibus,
564 866 613 902 ore
625 855 776 919 sequuntur

61 919 183 987 Quisque
192 934 257 971 suos
269 935 373 983 currus,
385 927 536 988 magnaque
547 920 702 972 volantibus
712 921 787 972 idem

39 1040 44 1046 ,
59 987 138 1041 Voce
148 988 295 1056 loquuntur
304 991 388 1057 equis.
402 991 530 1051 Quatitur
542 990 690 1042 certamine
702 991 795 1043 Circus
896 1046 905 1057 ,

61 1058 229 1121 Certantum,
239 1074 272 1109 ac
282 1059 476 1111 nulli-mentem
487 1074 542 1111 non
554 1059 666 1111 abstulit
676 1057 768 1109 ardor.
871 1068 874 1072 ’

10 1178 28 1191 ,,
58 1124 165 1178 instant
176 1129 349 1194 praecipites,
360 1134 389 1179 et
399 1128 613 1196 equosclamore
623 1127 785 1194 gubernent.
804 1120 855 1179 325

58 1194 168 1256 Fulvus,
182 1210 297 1247 arenosa
307 1213 420 1263 surgens
431 1197 536 1259 tellure,
549 1195 598 1247 sub
610 1194 691 1246 auras

58 1263 181 1330 Erigitur
191 1263 296 1328 globus,
306 1266 387 1331 utque
398 1265 487 1329 operit
498 1265 612 1330 caligine
623 1263 709 1314 densa

58 1331 295 1398 Cornipedumque
305 1333 373 1395 vius,
381 1333 590 1398 aurigarumque
600 1331 719 1383 labores.
727 1330 737 1384 ζ

39 1404 41 1409 '
57 1400 113 1452 Hic
123 1400 213 1461 studio
223 1399 291 1450 furit
300 1402 371 1452 ocris
382 1402 453 1467 equi,
465 1399 531 1450 furit
541 1401 586 1451 ille
596 1400 729 1467 magistri.

57 1468 119 1520 llos
131 1469 236 1534 patrino
248 1468 335 1532 furor,
347 1467 398 1521 lios
408 1468 534 1520 accendit
543 1469 632 1520 nobile
644 1482 744 1519 nomen
803 1465 854 1520 330
924 1532 927 1537 ἱ

57 1537 168 1602 Antiqui
178 1537 284 1588 stabuli.
314 1536 391 1600 Sunt,
404 1553 471 1604 quos
483 1553 545 1604 spes
557 1543 637 1604 grata
646 1535 754 1604 fatiget,

25 1622 27 1626 ’
56 1605 95 1659 Et
104 1619 176 1655 nora
184 1604 256 1656 ferre
267 1607 359 1673 iugum
372 1607 471 1657 cervix.
483 1605 560 1669 Sunt,
571 1605 656 1657 cruda
667 1610 793 1657 senectus
881 1656 885 1665 ,

59 1673 134 1735 Quos
145 1674 229 1737 iuret,
240 1679 269 1724 et
280 1675 362 1743 longo
374 1676 483 1742 sonipes
494 1672 635 1742 spectatus
645 1675 672 1725 in
685 1689 762 1731 aevo.

56 1742 157 1795 Evolat
167 1749 230 1794 ante
241 1757 344 1807 omnes,
354 1743 504 1812 rapidoque
515 1758 564 1811 per
574 1758 640 1794 aero
652 1759 733 1794 cursu

58 1811 192 1863 Callaicus
202 1811 328 1878 Lampon
339 1812 417 1881 fugit,
430 1818 512 1881 utque
520 1813 642 1881 ingentio
651 1816 745 1862 tranat
793 1806 852 1862 “335

34 1936 38 1944 ,
56 1879 204 1931 Exsultons
215 1883 313 1949 spatio,
324 1887 352 1934 et
362 1888 459 1934 ventos
470 1889 534 1950 post
543 1889 624 1950 terga
633 1881 769 1948 relinquit.

29 1990 32 1994 .
56 1948 248 2013 Conclamant,
267 1950 417 2020 plausuque
434 1950 568 2014 fremunt,
587 1952 698 2018 votique
714 1964 792 2017 peru-

530 2025 603 2071 ctam

53 2082 191 2137 Maiorem
203 2085 318 2138 eredunt
326 2092 475 2157 praecepto
486 2086 571 2140 limite
582 2091 698 2154 partem.

56 2154 100 2216 m,
110 2159 171 2222 quis
180 2156 294 2207 interior
305 2171 380 2220 curu,
391 2163 420 2206 et
430 2157 576 2224 prudentia
585 2155 657 2207 Circi

55 2222 152 2286 Altior,
164 2223 264 2276 effusas
274 2227 362 2291 primo
376 2227 524 2277 certamine
535 2226 607 2278 viros
801 2222 852 2276 tto
890 2288 893 2293 Ι

12 2312 20 2327 -’
56 2289 204 2355 Damnare,
215 2298 244 2344 et
254 2294 339 2344 cassis
350 2294 431 2362 longe
443 2294 608 2362 increpitare
619 2291 735 2361 querelis

54 2359 245 2426 ludispensuto
255 2361 403 2415 lassantem
416 2378 534 2429 corpora
543 2364 617 2428 nisu3

57 2429 119 2490 {luo
130 2430 236 2494 nimius,
249 2429 600 2551 qu0,Cyrue,ruisl(1)nem
611 2433 716 2499 Cyrnus
728 2445 791 2501 age-

546 2503 586 2565 at)

28 2596 35 2609 ,
55 2561 182 2617 verbero
191 2565 305 2631 dimitte,
316 2573 456 2622 etrevoco
465 2569 623 2621 moderatus
632 2566 764 2629 hebenus.

55 2631 120 2684 Heu
131 2634 228 2689 surdus
239 2636 332 2691 ouresl
342 2638 443 2717 Fertur
453 2652 567 2694 securus
580 2651 720 2709 equorum,
800 2636 851 2690 345
