1906 3308
10 39 25 115 l

186 116 460 186 rumcoauu
486 119 567 174 arn.
585 96 623 174 x.
736 126 787 178 aa

35 292 38 297 .
56 248 146 309 Quam
156 248 261 294 restare
269 239 327 292 viro
338 238 435 303 labem,
447 241 492 308 qui
504 240 636 293 accedere
647 245 733 309 portis

54 315 170 375 Audeat,
181 326 213 361 ac
225 311 312 362 dirum
322 312 413 362 veniat
423 311 606 376 pavitantibus
618 311 710 362 omenl
797 313 848 365 615

54 385 116 436 ilos
127 381 246 432 mulceas
257 385 366 448 questus
376 379 477 431 Fabius
489 379 612 432 deforme
622 379 742 435 docebat

58 450 186 503 cladibus
195 451 285 512 irasci,
295 449 457 517 vulgumque
467 449 580 500 arcebat
589 448 686 519 ablpa.

57 519 184 573 Adversis
195 519 294 571 etenim
303 516 392 585 frangi
401 532 456 569 non
465 532 526 569 esse
536 518 669 580 virorum,

60 589 113 650 Qui
123 588 239 640 Martem
248 587 397 639 inscribant
406 587 490 653 genti,
499 600 554 638 non
563 601 645 653 posse
655 585 763 645 dolores

58 657 190 721 Condere,
201 662 230 709 ct
240 670 275 707 cx
284 669 375 721 poena
384 656 483 706 solatia
492 670 607 722 poscere
618 653 715 706 luctus.
800 654 851 708 620

57 724 88 778 Si
96 741 161 777 rero
172 724 339 792 exprobrare
348 725 446 787 sinant,
456 723 508 776 sibi
517 720 624 783 tristius
632 724 707 776 illum

57 795 182 848 llluxisse
194 793 274 854 diem,
286 805 339 857 quo
349 794 447 843 castris
457 793 557 844 viderit
565 794 606 844 ire
704 831 713 842 .

58 865 222 923 Varronem,
233 874 313 926 quam
324 874 376 927 quo
386 860 479 912 videat
489 876 612 913 remeare
621 862 679 914 sine
691 863 782 915 armis.

13 978 17 985 .
58 933 112 984 His
123 931 204 982 dictis
216 928 311 981 sedere
323 929 421 993 minae,
433 934 462 980 et
473 945 604 981 conversa
613 938 727 998 repente

57 1000 191 1054 Pectora:
201 996 333 1049 nunciati
344 998 468 1062 miseret,
480 1014 551 1053 nunc
560 999 661 1067 gaudia
670 1000 766 1054 Poeno
801 999 853 1053 625

60 1068 221 1121 Consulibus
231 1071 360 1132 reputant
371 1069 457 1119 caesis
470 1066 565 1135 erepta
575 1069 689 1120 duobus.

57 1138 135 1204 Ergo
146 1152 225 1188 omna
237 1135 351 1186 effundit
359 1136 442 1205 longo
451 1139 507 1188 iam
515 1153 547 1189 se
558 1139 664 1206 agmine
674 1137 770 1205 vulgus

60 1206 234 1267 (laetantum,
244 1219 397 1271 magnaque
408 1212 500 1256 actum
511 1222 541 1257 se
551 1207 663 1258 credere
676 1213 767 1258 mente

58 1275 219 1334 Testantur‚
231 1273 312 1337 quod,
324 1273 390 1323 fisus
402 1275 459 1323 aris
469 1275 639 1340 sceptrisque
649 1273 782 1340 superbie,
815 1316 816 1319 ,

57 1339 325 1395 Laomedontiadum
334 1355 390 1391 non
400 1340 586 1406 desperaverit
597 1341 665 1391 urbi.
802 1341 853 1392 630

57 1409 118 1462 Nec
128 1410 216 1460 minus
223 1405 319 1461 infelix
330 1407 435 1475 culpae,
447 1408 596 1476 grandique
606 1408 711 1475 pudore

59 1479 213 1538 Turbatus,
225 1475 324 1526 Consul
333 1477 497 1527 titubantem
508 1477 543 1528 acl
553 1478 662 1528 moenia
670 1492 793 1545 gressum

58 1546 196 1601 Portabat
205 1544 363 1597 lacunam:
376 1546 513 1597 delectum
523 1545 649 1597 attollere
659 1546 772 1611 vultum,

60 1617 100 1670 Ac
110 1616 228 1683 patriam
238 1615 371 1680 aspicere,
384 1606 512 1669 etluctus
522 1629 656 1669 renovare
666 1616 785 1685 pigebat.

61 1685 143 1746 Quod
153 1698 218 1736 vero
230 1681 325 1735 reduci
335 1689 394 1734 tum
404 1699 434 1736 se
445 1684 614 1752 populusque
624 1684 776 1755 Patresquc
804 1686 852 1737 635

61 1753 208 1816 Offerrent,
220 1767 275 1804 non
284 1754 401 1818 gratari3
414 1754 463 1805 sed
472 1769 588 1821 poscere
599 1760 679 1806 natos

61 1823 181 1890 Quisque
190 1835 268 1885 suos,
285 1821 439 1891 fratresque
454 1824 547 1887 simul,
561 1825 732 1893 miseraeque
746 1837 793 1890 pa-

530 1899 623 1945 rentes

60 1957 105 2008 Ire
115 1955 276 2007 videbantur
284 1956 434 2009 laceranda
444 1960 480 2010 ad
492 1962 615 2013 Consulis
627 1975 685 2012 ora.

60 2022 107 2074 Sic
116 2023 199 2089 igitur
209 2029 284 2074 muto
295 2025 392 2074 lictore
401 2026 526 2077 invectus
535 2029 564 2078 in
574 2029 678 2090 urbem,

60 2092 226 2144 Damnatum
238 2088 350 2156 Superis
360 2095 558 2158 aspernabatur
567 2093 709 2146 honorem.
804 2095 854 2146 640

60 2159 482 2226 AtPatresFabiusquc‚procul
491 2167 745 2228 macrorereoroto,

61 2227 250 2292 Praecipitant
260 2242 348 2278 curas.
376 2229 485 2296 Raptim
496 2230 603 2282 delecta
611 2233 724 2283 iuventa

62 2295 181 2350 Servitia
191 2302 344 2361 armentum
356 2312 407 2348 nec
417 2297 519 2350 claudit
530 2306 621 2353 castra
632 2300 714 2353 saluti

60 2365 343 2434 P‘ostposituepador.
370 2367 485 2419 infixum
495 2374 538 2420 est
546 2370 648 2422 Aeneia
656 2383 743 2437 regna

61 2434 212 2489 Parcarum
222 2437 249 2486 in
260 2435 335 2503 leges
348 2450 506 2504 quacunque
517 2439 649 2492 reducere
660 2438 768 2505 «lextra,
802 2438 853 2490 645

62 2504 118 2558 Pro
137 2519 172 2556 ue
183 2519 246 2557 arec
257 2509 285 2557 et
296 2506 410 2572 sceptris
420 2512 449 2557 et
457 2506 592 2560 libertatis
601 2506 707 2560 honore
733 2516 736 2523 ·

61 2521 238 2627 vellamine
249 2589 355 2626 armare
365 2565 469 2629 nicam.
495 2577 772 2630 Primaerasuunum

56 2642 786 2724 comorsprsetsxtospoliataeiammaaaxaa
