1906 3308
42 64 81 129 i:
226 111 477 170 cumeorum
504 72 586 166 orn.
612 111 660 166 vr.
768 111 819 164 sss

87 235 143 291 Seri
154 235 218 306 quid
228 250 280 304 ego
293 232 378 287 haecl
400 233 516 286 Gravior
527 237 627 352 qulanto
635 230 676 334 r'is
687 246 751 283 ecce
762 244 818 283 ma·
828 233 879 282 110

109 311 112 317 '
569 317 658 356 omns.

90 373 155 428 Vidi
166 378 320 425 crescentes
330 370 513 438 Thrasymeni
521 370 649 422 caedibus
659 369 746 421 undas

92 441 388 508 Prostrstaquerirum
398 441 483 491 mole:
504 437 794 490 intertelacadentem

90 510 335 565 Vidillaminium.
362 506 472 570 Nestor,
482 523 544 559 mea
552 509 670 569 numina,
681 521 786 571 manes,

65 632 68 637 ,
89 578 208 646 Dignam
219 593 262 629 me
273 591 378 644 poenae
389 582 446 627 tum
457 577 599 643 nobilitate
610 582 741 642 paternae

89 645 187 715 Strage
198 644 284 698 hostis
294 646 433 714 quaesisse
444 660 552 707 necem,
562 645 590 694 ni
599 645 690 695 tristia
700 645 795 706 letum,
830 643 881 696 115

89 718 125 769 lit
138 715 272 785 quondam
285 716 364 781 patri,
376 715 454 766 nobis
465 729 572 782 quoquo
586 712 645 763 iata
656 719 818 779 negassent:

70 836 73 841 .
88 779 189 836 Cetera
199 784 373 835 acerbantem
384 789 480 851 questu
489 783 574 834 lenire
584 781 720 845 laborans,

89 852 200 905 Elistur
210 852 316 903 senior:
336 852 440 914 Patrio,
450 851 608 913 fortissime,
618 852 681 913 ritu,

90 920 229 989 Quidquid
240 920 319 971 adest
329 921 403 982 duri,
414 926 442 972 ct
452 935 543 971 rerum
553 921 683 971 inclinata
691 917 820 971 ieramus.

88 991 165 1043 Talis
175 990 235 1056 lege
245 989 334 1041 Deum
345 989 447 1040 clivoso
457 989 565 1040 tramite
575 989 648 1039 sitae
829 989 882 1041 120

88 1058 143 1112 Per
152 1061 244 1108 varios
256 1073 387 1125 praeceps
399 1074 479 1110 casus
490 1064 553 1109 rota
561 1056 679 1108 volvitur
688 1058 747 1108 aevi
759 1073 773 1107 r·

89 1126 142 1179 Sat
150 1128 209 1189 tibi,
220 1132 264 1177 sat
274 1142 381 1194 magna,
392 1134 421 1180 et
431 1134 520 1179 totum
530 1127 641 1194 vulgata
652 1141 701 1193 per
712 1126 808 1178 orbem

89 1193 455 1248 Stontdocumentadomus:
468 1196 832 1257 saesrillc‚etnuminenullo
872 1240 876 1245 .

87 1264 213 1325 Inferior,
224 1270 288 1317 tuus
299 1265 343 1315 ille
354 1281 453 1332 parens
465 1265 567 1316 decora
577 1264 634 1315 alto
641 1266 762 1330 ,pararit-

87 1332 229 1386 Restcndo
239 1333 373 1384 adversis:
389 1349 443 1384 nec
453 1335 579 1383 virtutem
591 1335 666 1383 exuit
677 1332 761 1384 ullam
831 1331 881 1385 125

88 1402 344 1464 interclusuros
355 1401 433 1468 liquit
442 1417 523 1468 quam
533 1402 644 1467 spiritus
655 1405 741 1451 artus.

86 1472 142 1525 vix
153 1470 256 1538 puerile
268 1467 333 1520 mihi
344 1476 451 1536 tempus
462 1470 620 1521 coniecerat
631 1474 719 1538 actos,

89 1542 156 1592 Cum
166 1540 255 1606 prirno
265 1539 350 1590 malos
360 1539 487 1607 signabat
495 1539 614 1606 Regulus
624 1552 703 1589 aero.

87 1609 198 1663 Accessi
209 1622 315 1670 comos,
326 1612 407 1674 atque
419 1623 512 1659 omnes
522 1607 685 1658 sociavimus
692 1620 795 1673 'annos3

87 1676 185 1747 Donec
193 1677 245 1729 Dis
256 1676 342 1729 ltolae
352 1679 438 1730 visum
450 1682 492 1728 ost
501 1677 674 1743 exstinguere
684 1675 776 1738 lumen
830 1675 882 1728 130

89 1745 200 1809 Gentis,
209 1747 237 1797 in
250 1747 361 1815 egregio
373 1748 449 1799 cuius
460 1746 511 1797 sibi
520 1751 633 1812 pectore
645 1744 740 1798 sedem

88 1813 822 1883 Ceporatalmal'ides,mentemqueanrplexatenelsct.

62 1898 65 1903 ’
86 1883 136 1937 llle
147 1898 240 1935 ensem
249 1884 327 1937 nobis
337 1901 497 1954 magnorum
503 1882 578 1937 hunc
591 1887 679 1936 instar
686 1883 823 1937 honorum

86 1951 258 2016 virtutisque
269 1968 334 2019 ergo
345 1954 429 2017 dedit,
440 1959 481 2017 et,
491 1954 632 2006 sordentia
642 1954 720 2006 fumo

89 2018 168 2078 Quae
179 2019 268 2069 cernis
278 2035 359 2083 nune,
370 2021 457 2085 frena,
468 2022 516 2072 sed
526 2028 569 2073 est
578 2029 726 2089 argenteus
736 2020 796 2071 ollis
829 2017 881 2074 135

87 2086 204 2154 Fulgorr
214 2101 266 2137 ncc
277 2089 402 2153 cuiquam
409 2091 506 2141 Marus
516 2095 560 2140 est
569 2095 633 2154 post
642 2091 710 2140 talio
719 2089 792 2139 dona

87 2155 151 2209 Non
162 2155 301 2224 praelatus
313 2169 405 2222 eques.
432 2156 535 2208 Verum
546 2153 814 2223 superavithonores

88 2223 283 2279 Omneslrasta
292 2238 376 2275 meos.
404 2225 453 2276 Cui
462 2239 506 2276 me
516 2225 602 2277 hiare
611 2225 701 2292 Lyaei

90 2295 172 2360 Quod
182 2295 271 2348 cernis
280 2292 391 2359 latices,
404 2293 569 2363 dignumest
580 2308 747 2363 cognoscere
755 2309 821 2347 cau·

619 2380 689 2415 som.

89 2431 227 2486 Turbidus
238 2437 348 2485 arentes
356 2430 432 2484 lento
441 2432 512 2500 pede
522 2432 612 2486 sulcat
623 2448 719 2485 arenas
830 2433 881 2485 110

89 2503 226 2571 Bagrada,
237 2519 291 2554 non
302 2501 357 2553 ullo
368 2502 481 2568 Libycis
491 2504 519 2554 iu
531 2504 628 2556 linibus
638 2517 719 2556 amne

89 2570 185 2625 Victus
193 2571 305 2624 limosas
317 2573 679 2639 estendereinuusunosu

81 2640 119 2706 Es
124 2645 275 2710 stagnante
286 2645 362 2703 rado
371 2648 494 2723 patulos
496 2650 657 2727 inuoluere
666 2651 804 2711 omli*
