1906 3308
10 39 47 123 Ὗ,

209 82 459 175 runrconunr
486 118 634 174 urn.x1.
737 125 788 174 223

57 245 99 298 Ad
109 258 177 312 quos
188 257 242 294 non
253 243 312 293 ausi
323 238 458 309 Carthago
471 246 552 309 utque
562 241 699 292 Hannibal
709 254 785 292 arma

58 315 129 367 Post
139 314 243 364 Cannas
255 310 352 361 afferre
364 309 445 360 suast
459 310 636 377 Nunquamne
648 325 697 377 per
709 326 788 361 aures

56 383 84 434 lt
95 386 209 442 vestras,
218 380 247 441 in
257 380 377 445 Tarpeia
387 394 448 429 cum
459 380 524 431 sede
534 379 627 429 Latini

59 452 178 500 Orarcnt
188 449 273 515 paria,
285 446 357 498 haud
368 448 467 511 verbis,
477 446 551 499 haud
563 463 644 510 voce,
654 447 703 499 scd
714 449 772 504 ucri

56 516 220 583 Propulsum
231 515 338 578 dextra,
348 517 461 583 quitum
473 518 602 567 mandata
610 517 728 582 superbo
815 517 849 566 80

59 586 114 638 Ore
125 585 296 651 apportabat,
307 590 385 637 tanto
397 600 446 651 per
456 584 547 647 limina
556 585 651 652 templi

57 652 180 703 Turbine
189 654 365 720 praecipitem
376 653 493 705 revoluti
503 655 625 721 corporis
637 658 738 716 actum,

57 723 103 784 Ut,
114 736 195 773 suere
207 720 324 772 afflictus
335 737 411 785 saxo,
423 728 565 791 spectante
577 724 665 788 piaret

56 790 162 841 Tristia
170 790 244 840 dictu
254 790 327 853 lure,
339 796 367 840 et
377 791 465 842 lueret
475 793 559 842 rerba
569 793 652 858 impia
662 790 738 843 letol

55 859 100 911 En
110 874 161 926 ego
176 858 319 925 progenies
330 859 396 920 eius,
408 861 454 925 qui
464 860 529 911 sede
539 862 673 911 Tonantis
815 861 849 911 85

56 928 169 994 Expulit
181 931 313 989 orantem,
324 930 352 977 et
362 926 435 977 nuda
445 927 483 977 Ca
502 927 579 978 itolia
590 928 691 979 Consul

56 995 187 1050 Defendit
203 995 308 1047 dextra.
339 993 474 1047 Rabidum
510 995 565 1057 nc,
581 995 738 1064 palmasque
751 1000 789 1050 vi·

526 1078 621 1115 rorum

56 1133 241 1187 Intentantem
253 1132 347 1195 oculis,
357 1133 535 1201 proavitaque
545 1131 621 1185 fucta
630 1139 772 1200 parantem

56 1205 94 1255 Ut
102 1203 170 1254 vidit
178 1203 282 1252 nraiore
294 1201 364 1253 adeo
376 1201 538 1253 crudescere
547 1206 634 1263 motu,

54 1272 167 1336 Excipit
177 1269 219 1320 his
231 1268 477 1321 frendensFabius:
489 1269 786 1336 Procunctupudendil
816 1271 848 1321 90

57 1339 153 1401 Sedes,
165 1352 238 1399 ecce,
249 1340 344 1397 vacat,
353 1334 417 1386 boui
427 1335 538 1385 uiduata
548 1336 684 1400 procelle:

59 1409 155 1473 Quem,
168 1418 283 1472 quaeso,
294 1418 309 1454 e
319 1402 397 1453 robis
406 1400 470 1453 huic
479 1403 641 1469 imposuisse
651 1404 772 1470 par-aust

54 1478 142 1542 Inque
152 1470 336 1529 locumPaulli
345 1469 582 1539 quemnumdatisl
595 1472 697 1534 nutus,
707 1472 789 1535 Virri,
871 1488 878 1507 r

56 1545 151 1597 Prima
162 1548 242 1610 atque
254 1546 317 1593 unte
329 1538 396 1593 alies
405 1539 476 1601 fers,
487 1539 653 1610 concedente
666 1539 779 1604 Senatu,

58 1615 101 1664 Tc
113 1614 192 1674 citat,
204 1626 237 1662 ac
247 1610 348 1663 nostris
359 1615 458 1677 aequat
466 1610 522 1660 iam
532 1622 651 1673 purpura
659 1608 771 1663 Brutisl
816 1611 848 1661 95

56 1683 81 1743 1,
91 1682 210 1743 demens,
220 1680 239 1743 i,
252 1694 305 1747 quc
315 1678 477 1739 tendisrtr'bi
507 1676 593 1729 erfida
602 1676 691 1730 fasces

57 1751 115 1802 Det
124 1748 260 1816 carthago
271 1763 343 1801 suos.
373 1747 466 1799 Medio
491 1761 586 1797 errore
597 1746 741 1814 loquentis,

58 1820 206 1883 impatiens
217 1819 289 1879 ultra
298 1818 402 1886 geuritu
413 1815 540 1869 cohibere
551 1815 681 1879 furerem,

58 1887 200 1938 Fulminea
209 1892 317 1938 torvum
327 1885 463 1937 exclamat
472 1885 620 1951 Marcellus
630 1886 664 1937 ab
675 1887 730 1937 ira:

60 1956 137 2018 Quae
147 1955 267 2019 taudem,
276 1964 305 2006 et
315 1968 396 2023 quam
404 1955 479 2005 lenta
489 1959 565 2005 tenet
575 1956 708 2021 patientia
717 1969 790 2007 men-

527 2027 594 2085 tem,
798 2024 848 2074 ltili
875 2034 879 2045 ⁴

60 2092 84 2142 0
98 2086 209 2140 confuse
219 2089 298 2139 nimis
310 2084 421 2139 Gradivi
432 2086 538 2139 turbine
548 2090 649 2151 Varro,

60 2161 97 2210 Ut
107 2156 227 2223 perferre
239 2170 322 2223 queas
332 2155 478 2207 furibunda
486 2157 621 2207 insomnia
632 2154 747 2208 Consull

60 2227 157 2281 Nonne
169 2225 328 2277 exturbatos
337 2226 392 2275 iam
402 2224 503 2275 (ludiim
513 2223 604 2275 limine
614 2226 709 2291 templi

60 2296 228 2362 Praecipites
239 2294 297 2361 agis
308 2293 342 2344 ud
352 2291 463 2361 portusl
474 2298 503 2344 et
513 2292 618 2345 discere
628 2296 704 2361 cogis

61 2364 221 2426 Semivirus,
233 2362 306 2431 quod
315 2364 453 2417 sit-nostro
464 2362 497 2413 <le
507 2377 584 2414 urere
596 2365 681 2414 creuti
799 2363 849 2414 lcii

10 2475 14 2485 .
61 2433 184 2488 consulis
193 2430 354 2499 imperium?
365 2430 427 2483 Non
437 2446 554 2499 unquam
565 2431 657 2483 sobria
666 2431 751 2499 pubes

61 2505 98 2555 Et
108 2504 229 2570 peritura
237 2502 323 2564 breri,
333 2516 441 2565 moneo,
453 2502 529 2553 ocius
540 2501 613 2552 Urbe
624 2500 742 2553 facesse.

61 2573 155 2624 Murus
167 2576 230 2621 unte
239 2576 302 2623 tuos
313 2572 355 2633 (ut
365 2586 416 2639 par
426 2573 482 2637 est)
492 2570 590 2624 <lenita
599 2570 705 2623 luetur

58 2641 325 2708 Armatmrespcnsa
334 2640 423 2713 dabit.
451 2639 757 2716 consurgerecuucti
