1906 3308
191 544 242 594 son
294 506 300 514 ’
387 544 416 596 c.
444 540 549 595 s1n11
576 542 743 597 1TAL101

191 661 269 713 Haec
279 661 331 712 sibi
342 662 468 729 quisque:
479 661 526 713 sed
540 667 590 723 est,
598 668 720 778 lrestrum
731 664 775 713 cui
786 662 860 714 nulla
870 662 920 716 do·

609 744 663 779 ons

190 797 292 847 Privati
302 796 405 859 rabios,
415 797 440 846 is
449 810 514 848 vero
525 798 647 865 ingentia
657 805 746 849 sumat

190 866 212 914 Ε
224 865 313 915 medio
318 899 327 926 ,
338 861 444 915 fodiant
454 879 523 932 quae
534 872 750 933 magnaspectus
759 869 787 916 in
796 869 861 930 iras,

130 931 180 982 160
191 932 348 984 Perfractas
359 931 453 999 Alpes,
463 947 624 1005 passamque
634 933 747 985 iniauda
758 934 919 1003 Saguntum,

192 1003 319 1069 Quosque
330 999 407 1052 nefas
417 1003 494 1054 vetiti
505 1002 802 1054 transcenderenomen
812 1004 919 1068 Hiberi,

190 1072 315 1137 Tangere
325 1071 380 1120 ianr
390 1066 533 1136 Thybrim.
561 1069 631 1123 Nam
640 1069 705 1121 dum
718 1085 767 1122 ros
779 1085 879 1139 augam,
891 1080 921 1124 et

658 1140 728 1192 extis

190 1209 337 1268 Quaesitae
347 1206 446 1270 fibrae,
456 1221 595 1282 vanusque
605 1213 728 1260 moratur
737 1205 882 1275 haruspex,

188 1275 281 1326 Solum
291 1277 345 1326 iam
354 1282 492 1342 superest,
504 1277 623 1343 Tarpeio
632 1279 772 1344 imponere
784 1283 898 1328 castra.-

129 1345 178 1408 165
189 1344 325 1396 Turbidus
337 1343 420 1407 haec,
430 1346 542 1413 visoque
552 1347 618 1396 artis
628 1347 656 1396 in
666 1346 780 1396 millibus
792 1348 865 1398 atras

188 1412 324 1464 Bellatore
335 1413 413 1465 iubas
424 1420 548 1480 aptante,
559 1415 623 1476 Est,
636 1412 749 1480 Orphite
755 1450 763 1476 ,
774 1428 878 1477 munus,

187 1483 250 1544 Est,
262 1484 313 1544 ait,
324 1480 378 1533 hoc
390 1488 496 1533 certare
506 1488 596 1544 tuum,
607 1483 665 1548 quis
676 1483 767 1548 opima
777 1482 879 1533 volenti

187 1550 267 1601 Dona
276 1552 334 1602 lori
343 1555 436 1616 portet
446 1550 548 1602 feretro
559 1565 689 1616 suspensa
700 1558 820 1601 cruento.

187 1618 256 1668 Nam
267 1634 315 1670 cur
325 1617 393 1671 haec
404 1618 458 1670 alia
466 1620 588 1685 pariatur
598 1619 685 1686 gloria
695 1618 807 1670 dextrai

126 1689 177 1738 iio
189 1688 259 1739 Hinc
274 1694 436 1754 praevectus
454 1703 539 1756 equo,
560 1692 704 1757 postquam
722 1689 794 1738 inter
813 1687 918 1754 proelia

654 1763 748 1808 notam

185 1827 296 1892 Accepit
306 1842 415 1890 vocem,
426 1825 526 1878 Procul
536 1823 598 1876 hinc
609 1827 637 1877 te
648 1825 776 1886 Martius,
786 1826 881 1893 inquit,

185 1896 327 1958 Murteae,
339 1895 459 1947 ostendit
469 1895 584 1958 clamor3
594 1895 727 1962 videoque
738 1895 873 1945 furentem

185 1965 243 2015 lam
254 1965 379 2029 Tyriote
390 1963 487 2014 caeder
497 1965 571 2014 venit
581 1963 640 2014 laus
652 1961 764 2029 quanta!
776 1961 824 2012 sed
835 1976 894 2022 oro,

185 2033 263 2083 Haec
275 2039 390 2098 angusta
398 2031 451 2082 loci
462 2031 536 2082 ferro
546 2030 686 2098 patefacta
695 2031 796 2080 relaxa.
911 2040 913 2044 ⁴

73 2116 76 2124 ·
125 2102 175 2151 1t5
188 2103 258 2151 Tum
271 2099 383 2150 Soracte
396 2105 498 2161 satum,
509 2104 692 2178 praestantem
709 2111 823 2162 corpore
835 2101 863 2146 et
873 2112 916 2149 ar·

654 2181 714 2226 mrs,

184 2238 341 2302 Aequanum
353 2249 481 2296 noscens,
492 2235 580 2301 patrio
592 2234 634 2283 cui
644 2235 712 2283 ritus
722 2235 749 2282 in
760 2247 834 2297 arro,

184 2306 251 2353 Cum
261 2306 321 2370 pius
332 2303 483 2353 arcitenens
494 2302 615 2352 accensis
627 2301 728 2368 gaudet
738 2303 851 2363 acervis,

184 2373 257 2422 Exta
268 2378 311 2422 ter
319 2372 450 2422 innocuos
460 2371 562 2422 laetum
571 2376 680 2436 portate
691 2386 740 2438 per
749 2372 835 2440 ignes,

184 2439 229 2493 Sic
240 2443 267 2490 ia
277 2439 417 2507 Apollinea
428 2455 535 2507 semper
544 2441 659 2507 vestigia
668 2456 755 2509 pruna

124 2511 174 2559 180
186 2510 318 2560 inviolata
327 2515 414 2572 teras,
423 2511 564 2579 victorque
574 2511 682 2576 vaporis
693 2510 727 2561 ad
739 2526 800 2562 aras

183 2579 264 2630 Dona
273 2585 399 2631 serenato
409 2578 513 2631 referas
523 2579 664 2631 sollemnia
673 2577 799 2631 Phoebos

185 2650 316 2714 Concipe,
328 2650 379 2710 ait,
392 2649 501 2716 dignum
512 2648 605 2709 factis,
616 2649 756 2714 Aequane,
768 2649 888 2698 furorem

184 2717 399 2786 vulneribusque
410 2719 472 2774 tuis.
496 2716 578 2768 Socio
589 2723 617 2766 te
628 2716 719 2767 caedis
729 2723 757 2766 et
766 2719 824 2767 irne
926 2762 930 2769 .

184 2785 244 2836 Non
256 2801 307 2852 ego
319 2782 512 2836 Marmaridum
524 2785 640 2836 mediam
649 2791 792 2851 penetrare
803 2783 914 2851 phalan-

670 2868 722 2917 cm,

125 2923 172 2972 185
185 2920 385 2991 Cinyphiaeque
392 2922 488 2989 globos
495 2870 914 2988 dubitarimigrumpereturmae.

179 2990 240 3040 Nee
248 2991 303 3040 iam
315 2991 386 3042 ultra
397 2993 515 3041 monitus
526 2996 554 3041 et
564 2991 647 3042 verba
656 2992 913 3044 morantioMartem

162 3059 255 3110 ,berre
267 3061 353 3125 radet,
366 3062 454 3132 longo
468 3061 605 3114 Aeneadis
618 3060 691 3128 quod
701 3059 810 3110 iieisitur
820 3073 890 3108 aero
921 3112 925 3119 p
