1906 3308
10 39 48 119 Η

212 124 464 181 PUNICOR'UM
496 124 578 181 LIB.
600 124 649 181 Xi.
753 132 803 184 221

71 247 187 302 Saevior
198 251 261 301 anta
272 245 340 299 alios
350 247 405 298 iras
415 260 537 298 sanasse
547 252 682 314 repostos,

10 336 22 365 .·
70 321 159 385 Atque
170 317 262 368 odium
272 329 403 366 renovare
414 315 493 366 ferox
502 317 530 365 in
540 322 664 382 tempore
676 313 790 368 Samnis.

11 391 33 423 -'
70 388 139 438 Mox
149 385 216 435 levis
228 388 256 434 et
265 398 326 435 aero
338 396 480 450 prassinus
491 383 550 434 iata
559 385 663 450 pudore

71 453 206 514 Bruttius,
217 452 348 519 ambiguis
358 451 442 503 fallax
452 464 517 503 naor
526 452 646 518 Appulus
656 453 746 505 annin.
828 457 861 506 10

72 523 146 573 Tum
155 535 222 588 gens
232 521 339 588 Hirpini
349 535 419 571 vana
427 520 603 586 indocilisque
614 520 707 587 quieti,
792 526 795 532 '

70 589 109 640 Et
118 591 222 655 rapiare
231 589 341 707 indique
352 589 442 639 fldem.
470 590 525 639 Ceu
536 588 595 639 dira
604 602 655 654 per
664 603 757 642 omnes

69 657 215 709 Manor'ent
225 672 297 724 popu
309 672 339 708 or
349 656 424 709 foedi
435 658 562 724 contagia
570 656 669 707 morbi,

69 726 181 795 lamque
190 726 279 777 Atella
287 739 360 788 suaa,
369 726 477 792 iamque
487 732 515 776 et
527 725 631 777 Galatia
639 724 741 792 adegit,
767 756 771 761 ,

68 795 124 847 Fas
143 799 290 861 superante
309 798 403 856 metu,
422 794 577 912 Poenorplor
595 795 625 847 in
645 801 735 847 rutra
756 809 801 849 eo·

558 866 641 917 uma
827 867 860 918 15

67 931 136 985 inda
146 927 297 983 Phalanteo
308 930 404 984 levitas
415 931 538 984 animosa
548 932 679 996 Tarento,
790 970 793 975 .
834 933 836 936 ’

67 1002 216 1052 Ausonium
226 1001 319 1053 laxare
330 1003 431 1070 iugum.
458 1000 595 1053 Patefecit
605 1002 707 1053 arnicas

67 1069 132 1120 nita
142 1071 243 1121 Croton
254 1076 358 1137 portae,
366 1070 492 1138 Afrisque
502 1070 537 1121 ad
547 1068 666 1121 barbara
675 1071 750 1123 iuraa

68 1136 255 1206 Thespiadum
265 1139 359 1191 docuit
368 1140 526 1192 submittere
538 1138 608 1191 eolla
618 1144 741 1205 nepotoa
809 1164 814 1171 ·

10 1264 12 1271 ,
66 1207 238 1262 ldemetiam
247 1205 552 1261 Locroahabuitiuror.
580 1203 741 1263 Orovadosi
827 1213 861 1260 20

66 1274 181 1338 Litoris,
191 1277 304 1342 Argiuos
315 1276 403 1327 maior
414 1290 467 1342 qua
477 1275 595 1325 Graecia
604 1289 697 1328 muron

67 1341 176 1404 Servat,
189 1347 217 1393 et
226 1343 299 1393 lonio
309 1343 393 1394 luitur
401 1347 516 1396 curvata
524 1341 670 1408 profundo,

67 1411 172 1463 Laetos
183 1425 227 1461 rea
239 1410 346 1476 Libyae
357 1416 385 1461 et
394 1409 532 1462 fortunam
542 1425 557 1461 e
567 1423 644 1460 more
654 1417 758 1473 secuta,

68 1479 173 1530 iurarit
181 1479 305 1544 pavitans
316 1480 403 1545 Tyrio
415 1493 466 1531 rua
475 1478 580 1544 proelia
591 1478 682 1530 Marti.

69 1549 128 1600 lam
138 1561 212 1610 vero,
222 1545 336 1598 Eridani
346 1547 539 1601 tumidissimus
549 1545 652 1608 accola,
664 1547 762 1608 celtue'
826 1551 859 1602 25

21 1642 29 1657 ι
68 1614 220 1667 incubuere
230 1614 308 1666 malis
318 1616 425 1677 Italum,
436 1621 596 1682 veteresque
608 1614 710 1668 doloris

69 1684 146 1735 Tota
155 1699 185 1736 aa
195 1684 286 1736 socios
296 1689 478 1752 properarunt
486 1685 599 1752 iungere
609 1683 691 1736 mole.

10 1794 13 1799 .
71 1749 126 1803 Sed
136 1751 178 1804 fos
187 1753 216 1804 id
225 1753 317 1817 Celtis,
328 1753 369 1805 fao
377 1754 462 1821 impia
471 1752 543 1818 bella
552 1752 656 1805 referre

69 1820 201 1872 Boiorum
212 1821 420 1891 fueritpopulia.
449 1824 592 1890 Capuaene
602 1821 733 1886 furorem,

72 1889 160 1952 Quem
171 1886 308 1944 Senonum
315 1892 408 1959 genti,
422 1891 573 1958 placuiraei
588 1897 618 1945 et
626 1891 757 1945 Dardana
766 1894 800 1946 ab
904 1902 909 1909 “

540 1965 604 2013 ortu
679 1974 683 1979 ·
813 1963 861 2015 '3⁰

71 2021 183 2076 Moenia
190 2021 335 2076 barbarieo
345 2023 498 2077 Nomadum
509 2028 615 2078 sociata
624 2031 742 2092 tyranno

72 2092 211 2155 Quianam,
222 2096 328 2142 mutato
338 2097 443 2142 tuntum
453 2109 524 2143 nunc
536 2100 669 2159 ternpore,
680 2094 792 2149 credatu

70 2159 176 2221 Luxus,
187 2165 216 2210 et
224 2159 326 2209 insanin
335 2161 439 2210 nutrita
447 2161 556 2227 ignaria
563 2161 665 2223 lustris,

73 2230 288 2294 Consumtusqua
299 2228 388 2295 pudor
397 2228 546 2294 peccando,
557 2231 669 2296 unisque
681 2228 792 2283 relictus

71 2297 181 2349 Divitiis
191 2296 339 2365 probrosus
350 2294 446 2360 honor,
458 2297 598 2351 lacerabat
606 2295 728 2349 hiantem
828 2300 861 2352 35
897 2312 906 2323 ‘

71 2365 185 2417 Desidia
194 2364 333 2431 populum,
343 2378 376 2417 ao
385 2366 532 2419 raaoiutarn
543 2366 648 2436 legibus
658 2366 762 2420 urbam.

12 2476 17 2485 .
69 2438 184 2504 iusuper
193 2435 276 2488 exitio
287 2434 442 2487 truculento
452 2436 579 2503 superbia
589 2435 697 2504 agebat.
728 2446 732 2455 “

70 2505 128 2558 Noe
138 2507 211 2557 vitiis
223 2505 336 2556 deerant
344 2504 424 2555 vires.
450 2503 511 2556 Non
520 2504 622 2573 largior
632 2504 681 2557 ulli
698 2534 701 2539 ·

69 2574 205 2625 Ausoniae
211 2573 315 2641 populo
327 2573 379 2637 (sio
390 2577 448 2626 tum
458 2572 573 2629 fortuna
580 2573 711 2643 ioreouii

57 2642 178 2708 Aurr'qua
187 2643 351 2717 argentique
360 2643 788 2713 moduazmadeiaetueuem
854 2639 907 2690 RQ
